3616 5887
2067 1353 2215 1423 ΧΙΙ.

1702 1643 1794 1691 DE
1844 1643 2154 1694 GALLICA
2219 1643 2522 1692 PERIODO
2536 1673 2553 1690 .

1482 1968 1610 2017 eca
1648 1944 2052 2040 latinaque,
2088 1945 2192 2017 sic
2224 1949 2293 2018 et
2324 1944 2398 2017 in
2428 1942 2692 2039 gallica
2725 1938 2928 2037 poesi
2961 1935 3246 2033 primus

1480 2084 1713 2138 merus
1767 2066 1880 2134 est
1959 2085 2255 2135 versum
2325 2083 2492 2134 cum
2553 2082 2775 2131 sensu
2835 2050 3257 2139 terminari,

1480 2160 1866 2251 iscordare'.
3278 2182 3286 2189 ·
3320 2170 3325 2173 “

1480 2299 1550 2365 nt
1613 2317 1874 2366 versus
1910 2295 2352 2390 'sensusque
2412 2290 2754 2388 quotiens
2799 2308 3067 2362 sensus
3112 2304 3261 2355 non
3344 2335 3353 2342 ,

1534 2433 1704 2484 cum
1781 2433 2027 2498 versu,
2099 2410 2486 2506 minorque
2566 2413 2679 2481 est
2753 2427 2973 2478 versu
3043 2399 3254 2473 finito

1480 2552 1493 2598 ι
1536 2550 1765 2624 pausa
1811 2532 1994 2623 quae
2036 2552 2332 2601 versum
2368 2530 2800 2623 sequentem
2840 2520 3104 2605 caedit.

1480 2645 1610 2717 dus
1659 2644 1733 2715 in
1764 2643 2142 2735 classicis;
2200 2669 2371 2718 nam
2453 2665 2671 2739 saepe
2711 2661 2948 2737 pausa
3017 2631 3259 2713 hemi-¹

1487 2760 1722 2832 maior
1752 2784 1973 2856 quam
2049 2785 2309 2835 versus
2370 2758 2727 2845 finientis,
2794 2754 2912 2828 vel
2967 2747 3261 2825 articuli

1480 2900 1516 2948 n
1557 2875 2036 2951 hemistichii.
2063 2878 2636 2975 Sempertamen
2668 2872 2918 2969 aliqua
2961 2876 3072 2974 est
3105 2888 3260 2938 ver·

1480 3018 1752 3091 spausa
1780 2995 1856 3067 in
1898 2995 2275 3085 classicis;
2314 2995 2390 3067 in
2420 2990 2956 3067 recentioribus
3001 2988 3258 3058 contra

1480 3134 1518 3183 a
1587 3111 1729 3183 nisi
1796 3112 1994 3206 quod
2062 3110 2545 3186 consonantia
2606 3129 2904 3182 versum
2956 3101 3251 3174 finiunt.

1527 3227 1939 3301 subtilioris
1972 3253 2136 3302 esse
2187 3227 2575 3324 periodum
2606 3224 2787 3314 artis
2820 3223 2904 3294 'in
2936 3215 3268 3303 Racini0‚

1480 3367 1543 3415 is
1590 3367 1852 3416 versus
1910 3344 2238 3417 finientis
2280 3345 2634 3438 abrogare
2692 3363 2840 3412 non
2911 3330 3262 3432 potuerit.

1480 3457 1659 3554 =pius
1691 3459 1766 3531 in
1811 3459 2142 3532 classicis
2171 3460 2376 3533 deest
2413 3459 2792 3556 periodUS‚
2860 3471 3268 3544 versusque·

1487 3598 1613 3648 ose
1664 3578 2102 3672 procedunt,
2139 3600 2287 3649 non
2330 3601 2450 3648 ars
2511 3575 2639 3647 sed
2695 3569 2960 3645 artifex
3002 3565 3262 3639 defuit.

1480 3693 1827 3786 periodus
1858 3693 2418 3767 absolutissima
2448 3691 2580 3764 tibi
2610 3687 3007 3774 videbitur,
3037 3705 3267 3778 quan-

1480 3806 1748 3879 stichia
1778 3813 2215 3905 separantur
2256 3814 2328 3881 ct
2365 3830 2625 3880 versus
2657 3829 2694 3879 z,

1480 4020 1518 4062 ¹e
1550 4003 1639 4063 lui
1671 4004 1834 4078 seul,
1867 4012 1894 4075 ΙΙ
1925 4005 2119 4085 digne
2151 4007 2253 4066 fils
2276 4005 2431 4065 d'un
2464 4005 2660 4063 heros
2707 4007 2735 4070 ΙΙ

1480 4118 1536 4161 ss
1567 4103 1912 4173 coursiers‚
1949 4111 1975 4174 ΙΙ
2007 4104 2190 4164 saisit
2212 4122 2316 4164 ses
2355 4101 2656 4180 javelots‚
2697 4099 2711 4171 Ι

1480 4217 1522 4258 u
1552 4205 1866 4277 monstro,
1901 4203 1925 4276 ΙΙ
1957 4205 2021 4260 et
2040 4200 2194 4260 d'un
2217 4200 2375 4261 dard
2398 4201 2579 4259 lance
2599 4196 2790 4256 d’une
2817 4193 2991 4257 main
3019 4194 3190 4265 sure,
3231 4189 3240 4268 Ι

1480 4294 1679 4355 tdans
1710 4297 1767 4370 le
1801 4298 1969 4357 flanc
2007 4301 2021 4373 Ι
2058 4316 2182 4358 une
2214 4299 2391 4375 large
2419 4297 2732 4356 blessure.
2771 4293 2795 4367 ΙΙ

1483 4398 1546 4453 et
1578 4393 1657 4454 de
1689 4394 1961 4455 douleur
1997 4396 2007 4472 Ι
2048 4396 2106 4453 le
2137 4401 2429 4455 monstre
2461 4393 2848 4455 bondissant
2882 4390 2894 4467 Ι

1480 4511 1518 4549 x
1548 4492 1732 4569 pieds
1762 4492 1877 4552 des
1908 4494 2203 4554 chevaux
2239 4493 2252 4572 Ι
2289 4493 2542 4554 tornher
2573 4510 2652 4551 en
2685 4487 3071 4566 mugissant,
3105 4489 3128 4562 ΙΙ

1497 4599 1524 4659 ΙΙ
1556 4595 1619 4650 et
1645 4591 1786 4650 leur
1817 4595 2121 4668 presente
2160 4593 2169 4670 Ι
2208 4609 2335 4652 une
2377 4590 2606 4670 gueule
2642 4592 3023 4650 enssammee
3063 4588 3072 4667 Ι

1480 4705 1688 4748 :ouvre
1718 4688 1797 4749 de
1820 4690 1953 4765 feu,
1989 4690 2012 4765 ΙΙ
2044 4689 2123 4750 de
2146 4708 2312 4769 sang
2337 4687 2367 4769 ΙΙ
2397 4693 2460 4748 et
2488 4688 2566 4750 de
2588 4689 2826 4749 furnee.
