3616 5887
973 1558 1069 1618 DE
1109 1557 1661 1610 CONSONANTIUM
1700 1557 1942 1609 ORIGIN

476 1838 994 1915 Consonantes
1039 1832 1368 1933 syllabae
1388 1834 1527 1909 hoc
1548 1853 1859 1908 munere
1897 1834 1942 1908 ft

368 1978 547 2032 sum
589 1951 972 2027 terminari
1010 1974 1177 2031 cum
1232 1950 1608 2048 voluptate
1647 1948 1941 2026 aurium

368 2071 483 2147 ita
547 2093 844 2145 versum
907 2091 950 2143 a
1029 2091 1250 2143 versu
1305 2066 1789 2165 distinguant.
1875 2067 1934 2157 Q

364 2187 573 2287 apud
614 2184 943 2275 LatinOS,
997 2207 1422 2281 quanquam
1507 2182 1924 2259 adventicio

364 2303 715 2401 fungitur
766 2324 1208 2377 consonans.
1271 2302 1351 2374 In
1408 2300 1545 2375 hac
1604 2300 1925 2376 militum

364 2422 604 2497 citant
678 2421 873 2497 Weiu
922 2431 988 2493 ct
1044 2421 1352 2492 Benloew
1390 2418 1524 2517 (1),
1570 2439 1942 2494 consonan

367 2535 716 2636 quamvis
746 2559 897 2612 non
922 2540 1371 2629 constanter,
1417 2533 1801 2634 disposita,
1875 2558 1942 2609 v«

368 2652 561 2730 sulis
604 2661 781 2729 sunt
825 2677 845 2725 z

1017 2838 1183 2901 Mille
1215 2839 1521 2914 Francos,
1548 2837 1725 2902 mille
1756 2840 1942 2902 seme]

1012 2939 1339 3004 Sarmatas
1370 2937 1725 3016 occidimus,

1011 3038 1202 3115 Mille,
1234 3037 1431 3116 mille,
1457 3038 1658 3115 mille,
1701 3039 1898 3113 mille,

1011 3138 1180 3199 Mille
1210 3139 1443 3202 Persas
1460 3137 1840 3220 quaerimus.

362 3347 679 3429 Constat
702 3350 1097 3452 popularia
1131 3350 1469 3428 carmina
1519 3356 1942 3428 consonanti

362 3473 616 3544 autem
648 3474 906 3568 poe-tas
960 3492 1110 3545 non
1148 3468 1639 3545 consonantia
1669 3469 1919 3545 odisse

361 3587 452 3660 In
492 3586 633 3662 hoc
683 3585 881 3662 enim
934 3585 1242 3677 Horatii,
1314 3583 1735 3662 similitudo
1788 3610 1939 3662 non

361 3702 770 3779 ‘verborum
802 3707 875 3777 10
916 3706 1283 3800 triumphe,
1327 3726 1464 3802 pro
1490 3703 1942 3780 consonanti]

362 3825 553 3895 nant
632 3818 921 3919 primus
1004 3826 1079 3897 et
1162 3820 1565 3911 secunduS,
1660 3843 1942 3897 consen

367 3940 695 4034 quartot

857 4127 1080 4214 Tuque
1106 4132 1260 4195 dum
1290 4134 1613 4214 procedis,
1644 4135 1712 4197 Io
1745 4135 1937 4198 trium

853 4233 991 4292 Non
1023 4233 1224 4295 semel
1249 4232 1541 4296 dicemus
1567 4235 1635 4295 Io
1672 4235 1942 4314 triumph

854 4329 1091 4393 Civitas
1121 4332 1355 4409 omnis,
1384 4332 1779 4415 dabiturque
1811 4333 1942 4395 divi

1016 4430 1187 4494 Tura
1212 4429 1543 4513 benignis.
1609 4492 1614 4497 ,

443 4664 522 4739 (1)
561 4661 788 4724 The'ort'e
812 4665 1071 4739 οὸηὸναὶο
1082 4667 1150 4726 de
1172 4667 1609 4727 l’accentuation
1634 4667 1837 4726 latine.
