3616 5887
1087 1330 2021 1478 -PRAEFATIO

486 1921 492 1926 ·
555 1904 752 1991 Quae
793 1903 890 1976 sit
921 1905 1163 1996 qallici
1193 1928 1452 1978 versus
1477 1902 1793 1977 metrica
1822 1902 2013 1974 ratio
2069 1901 2286 1973 nobis
2346 1901 2420 1973 in
2462 1901 2655 1974 anim

453 2025 590 2108 est,
629 2020 703 2091 in
736 2025 1092 2115 quantum
1139 2024 1563 2118 possumUS‚
1590 2032 1595 2036 ’
1622 2017 1965 2106 scrutari,
2016 2018 2137 2113 qu'i
2185 2019 2282 2089 sit
2320 2040 2655 2089 numerus

455 2136 580 2230 qui
629 2137 1046 2232 rhythmus,
1116 2161 1301 2232 quae
1331 2139 1427 2209 sit
1458 2158 1791 2222 caesura,
1832 2158 2017 2229 quae
2059 2133 2340 2209 fuerint
2408 2156 2655 2207 nume]

459 2252 937 2326 mutationes,

545 2369 1093 2443 Subtilissimae
1135 2371 1438 2466 quidem
1471 2368 1685 2443 nobis
1715 2392 2010 2465 semper
2048 2367 2251 2441 visae
2307 2376 2481 2442 sunt
2514 2394 2655 2466 qua

453 2485 1114 2583 circa'rhythmum
1185 2493 1255 2559 et
1318 2508 1702 2560 caesuram
1732 2490 2126 2558 versantur
2181 2485 2655 2581 quaestiones

454 2602 1000 2698 propositisque
1055 2603 1293 2702 adhuc
1319 2600 1729 2675 rationibus
1766 2606 1893 2674 aut
1920 2599 2202 2696 aliquid
2273 2603 2530 2675 deesse
2571 2625 2655 2676 au

453 2718 698 2789 inesse
740 2741 1006 2814 magna
1040 2718 1218 2790 vitia
1254 2743 1269 2802 ς
1303 2717 1470 2790 ideo
1502 2715 1744 2791 acrius
1788 2717 2189 2790 scrutanda
2243 2739 2507 2791 versus
2585 2717 2655 2790 in

452 2831 631 2905 tima
672 2840 1069 2908 structura.

547 3045 768 3136 Olim,
809 3045 1078 3119 Bolaeo
1096 3051 1421 3137 auctore,
1448 3071 1754 3122 caesura
1786 3048 1921 3121 illa
1938 3070 2122 3143 quae
2137 3046 2211 3120 in
2232 3048 2655 3122 hemistichi

448 3185 748 3235 versum
788 3168 1129 3236 nostrum
1169 3169 1486 3259 separat,
1533 3164 1967 3259 exigebatur
2006 3191 2026 3253 3
2096 3163 2446 3259 gallicum
2503 3166 2655 3238 enit

449 3302 746 3353 versum
808 3278 1224 3378 efficiebant
1265 3280 1653 3355 duodecim
1728 3280 2081 3377 syllabae,
2200 3285 2515 3376 quarum
2580 3307 2655 3355 ex

323 3437 341 3449 --
447 3399 682 3467 trema
713 3418 877 3491 cum
921 3395 1259 3490 sequenti
1291 3419 1511 3470 versu
1551 3400 2018 3486 consonaret,
2084 3394 2160 3468 in
2192 3418 2464 3491 aequas
2514 3397 2655 3471 dua

450 3517 695 3606 partes
737 3533 1043 3582 caesura
1074 3516 1455 3605 separatae
1501 3536 1516 3585 :
1588 3512 1786 3584 clara
1853 3510 2154 3606 quidem
2228 3511 2654 3608 simplexqu

449 3623 637 3699 ratio
675 3651 691 3697 ε
721 3648 890 3699 nam
924 3626 1211 3724 syllaba
1251 3650 1418 3700 cum
1449 3628 1785 3723 sequenti
1815 3648 2035 3700 versu
2063 3649 2483 3700 consonans
2538 3652 2655 3701 ve1

450 3766 610 3816 sum
643 3724 1067 3830 definiebat,
1114 3765 1346 3838 pausa
1396 3744 1853 3840 satis'longa
1895 3743 2090 3816 inter
2152 3766 2415 3817 versus
2473 3744 2655 3818 inter

447 3859 636 3931 iecta
678 3882 695 3946 ;
743 3879 1020 3930 caesura
1085 3862 1331 3930 autem
1406 3857 1725 3932 breviori
1791 3881 2020 3953 pausa
2085 3879 2408 3945 versum,
2494 3860 2651 3934 salv

387 4008 391 4015 ·
445 3975 604 4048 eius
637 3979 922 4063 tenore,
958 3973 1045 4046 ·in
1086 3973 1429 4047 dimidias
1477 3980 1721 4070 partes
1762 3975 2189 4065 dividebat3
2230 3977 2425 4049 unde
2489 4000 2655 4049 men

447 4111 618 4164 sura
675 4093 748 4160 et
821 4112 1178 4163 numerus
1232 4088 1427 4162 clare
1479 4088 1781 4162 auribus
1843 4090 2430 4186 perciperentur.
2491 4092 2652 4165 Tun

446 4204 728 4280 mentio
792 4205 879 4278 de
912 4203 1340 4306 ¹accentibus
1411 4204 1640 4294 nulla,
1716 4204 1923 4277 nulla
1986 4204 2076 4279 de
2150 4206 2647 4303 multiplicibu

445 4319 796 4409 caesuriS‚
855 4320 1124 4418 quippe
1164 4344 1330 4394 cum
1382 4319 1755 4394 sufficeret
1784 4319 1876 4392 ad
1911 4342 2302 4395 numerum
2333 4323 2511 4396 haec
2538 4347 2655 4395 me

380 4458 383 4461 ·
445 4437 689 4527 diana,
735 4461 920 4533 quae
986 4437 1440 4540 exigebatur,
1475 4460 1805 4510 caesura.
1878 4437 2241 4511 Sonoram
2284 4437 2655 4513 desiderat

445 4556 630 4626 banc
663 4552 1024 4649 syllabam
1065 4577 1251 4648 quae
1290 4576 1592 4626 versum
1624 4552 1964 4626 definiret
2011 4559 2083 4626 et
2129 4554 2317 4626 hanc
2346 4579 2534 4650 quae
2558 4557 2655 4629 he⁴

445 4669 921 4758 mistichium,
960 4670 1233 4765 optime
1276 4668 1620 4743 omnibus
1657 4668 2254 4765 intellegebatur,
2289 4692 2459 4741 nam
2515 4693 2655 4767 pau
