3616 5887
1971 640 2362 714 ..42—

1195 793 1311 852 Ces
1343 806 1483 850 vers
1510 785 1917 848 cadavereux
1947 787 2026 847 de
2059 788 2124 848 la
2144 789 2386 850 France
2414 791 2723 862 asservie‚

1508 887 1795 964 Egorgee
1833 891 1845 946 ἒ
1900 884 1929 966 ΙΙ
1984 885 2033 946 Ο
2061 904 2211 947 mon
2243 888 2397 947 cher
2425 891 2655 961 misor,

1191 988 1243 1048 Ο
1273 1002 1379 1047 ma
1402 985 1645 1065 plume,
1690 983 1819 1055 fiel,
1852 983 2002 1060 bile,
2028 984 2328 1059 hol-rem,
2360 985 2554 1046 dieux
2585 985 2664 1046 de
2691 1004 2795 1047 ma
2820 986 3000 1049 vie...

1516 1083 1638 1142 Par
1668 1099 1830 1143 vous
1862 1079 2034 1145 seuls
2056 1083 2121 1160 je
2152 1083 2400 1163 respire
2428 1101 2623 1144 encor
2655 1084 2669 1145 l
2789 1074 2801 1086 “

2713 1189 2807 1272 (Α.
2835 1189 3165 1270 Casuum.)

1085 1487 1088 1493 ³
1131 1387 1209 1465 Si
1282 1389 1623 1486 strophas
1673 1393 2023 1486 quattuor
2087 1409 2440 1463 versuum
2496 1394 2569 1463 et
2617 1413 2746 1462 sex
2778 1413 2929 1464 uno
2971 1389 3295 1488 periodo

1035 1491 1448 1602 componiS,
1492 1505 1720 1578 habes
1757 1504 2224 1578 notissimam
2263 1505 2503 1594 illam,
2547 1506 3002 1604 lyricamque
3030 1507 3300 1579 decem

1038 1644 1387 1695 versuum
1452 1622 1697 1695 ABAB
1775 1621 2154 1694 CCDEED.
2225 1621 2422 1709 Quae
2483 1622 2872 1695 duodecim
2932 1645 3307 1714 versuum

1040 1738 1121 1811 fit
1174 1739 1368 1836 apud
1432 1718 1670 1834 Hugoss
1734 1736 2125 1834 triplicatis
2185 1736 2236 1810 C
2320 1745 2392 1810 et
2459 1738 2538 1809 E.
2610 1738 2889 1812 Sensus
2974 1745 3087 1812 est
3167 1738 3306 1833 qui

1039 1877 1261 1927 unam
1309 1853 1690 1951 stropham
1733 1852 1984 1940 efficit,
2018 1857 2089 1926 et
2135 1854 2270 1926 hoc
2298 1854 2492 1949 quod
2523 1855 2904 1951 stropham
2936 1858 3304 1950 quattuor

1037 1975 1385 2043 'versuum
1462 1969 1564 2042 ita
1632 1992 2008 2042 resumere
2076 1976 2149 2041 et
2208 1976 2539 2065 repetere
2600 1971 2897 2043 videtur
2957 1969 3090 2043 illa
3159 1980 3300 2041 ‘sex

1037 2110 1417 2174 versuum,
1478 2110 1664 2182 quae
1724 2085 2083 2180 sequitur,
2159 2088 2485 2183 stropha,
2533 2093 2614 2159 ut
2673 2094 2745 2159 et
2785 2086 3146 2183 producat
3220 2092 3297 2158 et

1038 2202 1401 2300 explicet3
1450 2203 1646 2276 unde
1699 2202 2003 2298 rapidus
2045 2206 2117 2274 et
2156 2226 2323 2274 acer
2362 2202 2785 2300 rhythmus.

1122 2414 1410 2489 {unctis
1452 2415 1736 2488 duabus
1767 2414 1885 2487 vel
1924 2413 2355 2511 aequalibus
2387 2414 2502 2488 vel
2545 2413 3058 2513 inaequalibus
3096 2420 3297 2491 stro-

1039 2531 1205 2630 phis
1238 2531 1573 2604 diversae
1620 2529 1806 2602 aliae
1870 2517 2477 2618 co'nstituuntur3
2536 2535 2608 2604 et
2660 2554 2928 2626 magna
2982 2530 3293 2604 illarum

1041 2654 1153 2720 est
1177 2647 1494 2719 varietas
1522 2668 1707 2741 quae
1763 2643 2287 2740 inaequalitate
2312 2669 2663 2720 versuum
2694 2673 2715 2734 τ,
2750 2646 2961 2720 laxae
3002 2652 3294 2736 tamen,

1021 2750 1430 2836 ‘'et’nullius
1473 2761 1705 2834 nervi.
1759 2761 1955 2848 Quas
1997 2759 2318 2833 maxime
2360 2762 2693 2835 omnium
2752 2763 3010 2858 lyricas
3048 2763 3297 2836 credi-

1042 2881 1310 2953 derunt
1337 2877 1429 2951 ob
1470 2900 1821 2951 versuum
1857 2876 2456 2972 inaequalitatem
2498 2904 2520 2949 τ
2549 2879 2678 2951 sed
2706 2884 2961 2951 contra
2997 2884 3299 2952 constat

1041 2994 1357 3068 maxime
1418 2992 1687 3090 lyricos
1757 3017 1922 3065 esse
1990 3016 2113 3066 eos
2182 2992 2344 3092 qui·
2399 2994 2548 3067 sint
2640 2994 3014 3089 aequales,
3080 2996 3298 3067 Inae-

1040 3112 1371 3208 qualium
1414 3112 1761 3209 periodus
1801 3134 2063 3207 prosae
2121 3093 2459 3207 prokima
2499 3111 2592 3184 ob
2651 3108 2976 3207 rhythmi
3027 3104 3299 3183 simili-

1024 3227 1399 3301 tudinem.
1468 3229 1558 3329 In¹
1619 3251 1749 3299 sex
1789 3250 2139 3299 versuum
2217 3227 2545 3323 stropha,
2606 3226 2869 3299 tertius
2908 3233 2981 3299 et
3034 3232 3296 3297 sextus

1041 3343 1469 3439 inaequales
1517 3349 1754 3416 totum
1822 3344 2166 3438 strophae
2242 3348 2578 3415 tenorem
2658 3343 2930 3439 optime
2985 3342 3295 3438 quidem

1044 3460 1428 3550 dividunt3
1488 3459 1603 3531 vel
1651 3463 1903 3531 sextus
1958 3458 2369 3553 inaequalis
2411 3458 2793 3555 aptissime
2861 3458 3292 3545 concludit;

1049 3577 1177 3650 sed
1236 3576 1353 3648 hic
1394 3581 1464 3648 et
1529 3575 1683 3647 illic
1738 3575 1974 3671 sparsi
2015 3573 2444 3670 inaequales
2495 3570 2794 3648 cursum
2842 3574 3293 3670 impediunt.

1050 3694 1203 3766 Nec
1253 3692 1398 3763 alia
1451 3691 1540 3762 de
1609 3714 1831 3762 causa
1883 3673 2078 3762 inter
2114 3713 2200 3793 se
2232 3688 2348 3761 vel
2391 3689 2671 3762 similes
2727 3689 3119 3761 succedere
3174 3689 3301 3760 vel

1050 3809 1416 3882 alternare
1453 3806 1838 3879 debebunt
1877 3807 2251 3900 strophae.
2682 3896 2687 3902 Π

1146 3923 1666 4020 Inaequalibus
1708 3922 1857 3994 illis
1924 3922 2291 4018 rhythmis
2360 3921 2591 3996 utitur
2652 3923 2860 4017 Hugo
2895 3927 3150 3994 noster
3218 3922 3300 3993 in

1049 4040 1291 4138 primo
1334 4063 1471 4112 suo
1501 4038 1690 4111 libro
1731 4038 1848 4110 cui
1878 4040 2043 4109 Odes
2087 4051 2148 4109 et
2178 4041 2489 4109 Ballades
2514 4038 2945 4111 inscribitur
2981 4037 3294 4124 titulus;

1051 4156 1320 4253 quibus
1354 4159 1874 4250 posteatamen
1916 4153 2301 4226 abstinuit.
2334 4155 2671 4226 Invenias
2706 4153 2911 4226 inhis
2941 4153 3305 4249 poemati-

1047 4274 1187 4346 bus
1251 4278 1323 4343 et
1400 4270 1780 4365 stropham
1831 4272 2083 4341 decem
2144 4293 2494 4343 versuum
2557 4269 3063 4366 inaequalium
3105 4294 3305 4364 quae

1053 4413 1199 4462 non
1230 4388 1479 4483 inepta
1521 4391 1633 4458 est
1666 4410 1682 4474 3
1715 4394 1786 4458 et
1828 4387 2008 4458 duas
2050 4390 2396 4481 quattuor
2430 4410 2781 4459 versuum
2843 4386 3186 4481 strophas
3219 4386 3301 4458 in

1059 4527 1280 4596 unam
1310 4502 1878 4576 consonantium
1933 4501 2218 4574 ratione
2278 4502 2605 4595 redegit3
2655 4501 2875 4573 aliam
2917 4501 3308 4573 constituit

1062 4624 1225 4692 octo
1299 4638 1647 4691 versuum
1709 4614 2100 4711 triplicatis
2170 4616 2308 4689 hoc
2358 4616 2581 4691 modo
2636 4614 3217 4691 consonantibus
3281 4636 3297 4687 ι
