3616 5887
1338 723 1434 734 -··
1486 707 1620 759 xm
1672 727 1768 740 ·····

409 848 809 937 utrumque
834 841 910 915 in
937 863 1208 936 aequas
1235 843 1480 936 partes
1503 836 1855 926 divisum,
1876 843 2126 937 utpote
2149 842 2275 938 qui
2294 843 2511 940 longi<

411 959 564 1032 sint
589 982 809 1055 quam
853 964 929 1032 ut
976 979 1331 1030 numerus
1374 979 1518 1029 uno
1560 955 1828 1030 haustu
1855 955 2163 1033 auribus
2191 961 2511 1057 comprel

414 1076 632 1149 datur
664 1098 683 1162 ;
721 1078 1001 1148 ceteras
1039 1071 1115 1146 in
1142 1070 1372 1145 latino
1403 1095 1624 1146 versu
1682 1095 2027 1148 caesuras
2094 1098 2257 1148 esse
2317 1099 2511 1150 secui

417 1192 563 1265 rias
604 1196 685 1265 ut
711 1191 788 1264 in
819 1189 1080 1287 gallico
1118 1215 1135 1278 3
1173 1188 1432 1262 itidem
1486 1187 1914 1285 discordare
1968 1213 2233 1265 sensus
2287 1190 2511 1267 interr

422 1308 670 1382 siones
710 1330 876 1380 cum
915 1304 1267 1389 caesuriS‚
1316 1306 1513 1378 unde
1560 1328 1752 1379 nova
1789 1311 1862 1380 et
1913 1304 2235 1404 implexa
2294 1308 2511 1407 v‘olup

419 1425 617 1511 Quae
645 1422 710 1497 si
739 1445 916 1497 vera
942 1422 1116 1511 sint,
1148 1420 1384 1517 magis
1417 1421 1793 1517 magisque
1821 1422 2100 1518 liqueat
2120 1430 2377 1498 nostra
2408 1448 2511 1498 ve]

419 1538 879 1614 alexandrini
911 1538 1123 1612 ratio.
1144 1537 1263 1611 Sic
1284 1538 1374 1611 ad
1400 1539 1538 1610 hoc
1566 1538 1867 1617 adducti
1885 1563 2141 1614 sumus
2171 1547 2250 1615 ut
2282 1564 2403 1615 eas
2435 1539 2511 1627 le

419 1678 603 1748 quae
625 1659 964 1728 nostrum
991 1653 1555 1731 alexandrinum
1579 1661 1871 1750 regunt,
1902 1655 1977 1727 in
2006 1656 2449 1732 Graecorum
2476 1658 2511 1730 Ι

418 1793 832 1867 norumque
865 1772 1292 1845 hexametro
1325 1770 1532 1867 prius
1556 1771 2325 1867 deprehenderemus3
2361 1772 2511 1846 sic(

417 1893 759 1962 nostrum
792 1888 1232 1986 inspicimus
1267 1910 1594 1975 versum,
1641 1888 2042 1984 probamus
2105 1891 2510 1964 humanum

417 2003 715 2100 genium
762 2030 892 2104 per
923 2006 1181 2080 eadem
1221 2002 1531 2100 vestigia
1558 2003 1674 2077 bis
1714 2003 2139 2098 incessisse,
2233 2005 2511 2103 epicum

419 2120 799 2196 Gallorum
843 2145 1143 2196 versum
1198 2122 1291 2195 ad
1356 2120 1740 2217 exemplar
1805 2122 2045 2217 graeci
2111 2146 2371 2196 versus
2442 2122 2511 2197 fu

419 2238 931 2332 constitutum,
1010 2241 1455 2331 nostrosque
1542 2242 1613 2309 et
1691 2243 1980 2310 veteres
2061 2243 2312 2335 poetas
2370 2260 2511 2311 eas«

422 2353 873 2450 rhythmicas
905 2353 1133 2449 legeS,
1177 2357 1439 2450 sponte
1479 2358 1754 2441 tamen,
1788 2351 2188 2428 invenisse.
2251 2365 2255 2371 '

523 2588 761 2662 Unum
804 2593 1049 2660 tamen
1079 2587 1154 2659 in
1191 2586 1445 2661 labore
1476 2584 2093 2661 desideravimus.
2129 2588 2204 2661 Si
2261 2589 2511 2662 Germa

322 2708 327 2712 ’
423 2727 587 2777 rum
612 2708 684 2778 et
708 2703 1059 2778 Italorum
1083 2708 1155 2776 et
1187 2704 1709 2778 Britannorum
1735 2711 1807 2778 et
1827 2706 2237 2779 Russorum
2262 2703 2511 2778 etalio]

363 2889 369 2893 .
421 2819 671 2916 lingua
698 2820 915 2894 nobis
953 2821 1133 2893 adeo
1165 2820 1241 2893 in
1276 2826 1623 2917 promptu
1669 2827 1866 2895 esset
1896 2828 1976 2895 ut
2016 2821 2317 2895 intimas
2345 2821 2511 2918 rhyt

421 2937 620 3034 leges
651 2936 1263 3033 intellegeremus
1299 2936 1377 3011 in
1406 2960 1661 3012 eorum
1704 2939 2068 3027 versibuS,
2111 2937 2475 3012 sciscitari

423 3055 703 3128 cuisset'
754 3077 930 3128 num
995 3078 1256 3130 versus
1286 3053 1464 3128 alibi
1529 3060 1906 3129 exstarent
1946 3062 2204 3130 nostro
2274 3058 2342 3129 et
2415 3077 2511 3151 gri

426 3169 737 3259 similes,
773 3169 1060 3244 scilicet
1084 3170 1373 3245 duobus
1409 3163 1898 3246 hemistichiis
1930 3196 1972 3247 a
2007 3171 2368 3269 principio
2400 3193 2511 3244 coi

427 3286 593 3371 tuti,
640 3310 811 3362 mox
872 3287 1471 3362 discordantibus
1510 3286 1704 3361 inter
1777 3312 1856 3362 se
1913 3288 2235 3363 caesuris
2276 3293 2349 3362 et
2416 3310 2511 3359 sei

429 3402 1138 3479 intermissionibus.
1183 3405 1382 3492 Quae
1423 3405 1881 3502 percontatio
1920 3405 1982 3478 si
2036 3404 2316 3501 peritos
2383 3403 2509 3476 illo

430 3517 780 3594 versuum
821 3518 1275 3610 sollicitabit,
1302 3517 1570 3594 minus
1619 3518 1850 3594 fuisse
1885 3518 2293 3593 absurdum
2335 3517 2511 3614 gaud

434 3660 597 3710 mus
637 3638 774 3710 hoc
812 3636 1283 3734 opusculum.
2127 3623 2132 3628 ’
