3616 5887
1281 684 1672 753 -21-

352 837 818 911 hemistichio
874 841 1112 932 egent.
1179 833 1361 932 Cum
1401 832 1628 930 igitur
1682 834 1759 908 in
1799 834 2268 912 hemistichia

353 960 612 1051 poetae
676 977 936 1028 versus
993 952 1426 1050 plerumque
1482 950 1931 1043 dividerent,
2004 954 2201 1028 idem
2242 955 2287 1029 ί(

354 1071 759 1167 eodemque
788 1069 1142 1143 instinctu
1184 1073 1403 1163 atque
1448 1066 1557 1140 illi
1601 1069 1724 1163 qui
1767 1094 2184 1145 sermonem
2216 1072 2287 1146 in

352 1185 424 1258 id
463 1192 576 1260 est
626 1187 703 1259 in
741 1208 1013 1282 aequas
1040 1189 1314 1282 partes·
1361 1183 1478 1257 Sic
1504 1184 1703 1258 enim
1753 1210 2011 1261 versus
2048 1212 2087 1260 a
2127 1212 2287 1262 vers

351 1304 699 1377 nantibus
759 1306 881 1396 (l),
928 1301 1474 1375 hemistichium
1517 1301 1608 1375 ab
1636 1301 2106 1378 hemistichio
2138 1328 2287 1380 acc<

352 1443 655 1497 caesura
686 1407 1169 1507 discerniturss
1196 1417 1295 1491 ita
1327 1416 1678 1515 primario
1703 1421 2188 1495 secundarius
2209 1424 2287 1495 rh

349 1535 672 1610 additur.
752 1535 908 1624 Qua
947 1534 1023 1609 in
1078 1556 1182 1622 re,
1243 1556 1411 1606 cum
1450 1539 1522 1607 et
1570 1533 1646 1606 in
1701 1533 1894 1617 aliis,
1940 1542 2095 1609 tum
2142 1537 2287 1610 nati

350 1652 650 1727 insitam
675 1651 901 1727 Gallis
953 1650 1273 1725 indolem
1312 1650 1850 1747 deprehendaS‚
1886 1651 2156 1747 quibus
2180 1677 2287 1726 om

349 1793 637 1843 rescere
667 1768 938 1843 debent
959 1775 1038 1842 ut
1062 1767 1406 1853 sentiant,
1435 1766 1988 1862 utintellegant,
2013 1776 2091 1843 ut
2119 1793 2287 1844 mov

347 1885 448 1961 ita
524 1887 948 1985 rhythmum
1009 1883 1399 1958 clariorem
1471 1883 1897 1959 desiderant
1935 1910 2153 1982 quam
2214 1912 2287 1962 ce

345 2003 534 2102 puli,
568 2002 751 2090 Itali,
780 2002 1123 2076 Germani
1151 2027 1167 2092 ;
1199 2001 1361 2075 Itali
1390 2000 1589 2075 enim
1606 2002 1973 2100 rhythmis
2004 2004 2122 2077 vel
2145 2004 2287 2079 min

347 2121 530 2194 catis
591 2119 912 2195 habilius
952 2119 1329 2214 ingenium
1360 2141 1789 2210 servavere3
1824 2120 2000 2194 dum
2041 2120 2225 2194 Galli
2266 2147 2287 2195 ε

346 2237 666 2312 labicum
729 2243 927 2310 certo
987 2237 1149 2310 loco
1199 2236 1538 2326 caedunt,
1587 2236 1748 2309 Itali
1821 2261 1970 2311 non
2047 2241 2287 2312 certo:

343 2377 652 2428 caesura
691 2353 852 2427 erit.

446 2543 601 2616 Huc
632 2565 804 2645 ergo
845 2540 1207 2614 inclinant
1233 2539 1499 2628 nostri,
1556 2545 1802 2636 partes
1842 2565 2115 2639 aequas
2157 2567 2287 2618 sec*

342 2659 700 2762 rhythmo
733 2657 1098 2732 scindere.
1146 2657 1376 2745 Quam
1418 2655 1975 2754 inclinationem
2014 2659 2287 2735 inveni«

343 2777 423 2849 in
457 2798 724 2872 magno
751 2799 997 2881 versu,
1034 2772 1455 2847 invenimus
1487 2778 1558 2846 et
1612 2775 1686 2846 in
1714 2775 2287 2873 decasyllabico‚

344 2892 631 2989 origine
664 2916 895 2989 usque
944 2891 1021 2967 in
1059 2894 1312 2965 nostra
1350 2895 1686 2988 tempora
1711 2892 1888 2967 etin
1942 2893 2284 2970 hemistic

345 3011 655 3085 divisus·
734 3012 896 3083 Non
951 3010 1088 3083 hoc
1145 3012 1391 3082 tamen
1446 3008 1987 3105 neglegendum
2057 3015 2251 3109 quod

343 3127 639 3202 saecula
661 3134 826 3224 post
849 3132 1221 3222 quartam:
1247 3149 1388 3220 qua
1415 3125 1574 3199 sola
1599 3149 1905 3201 caesura
1922 3153 2139 3203 usum
2164 3138 2275 3204 est

344 3269 673 3319 carmen.
717 3242 1111 3342 Quaerenti
1141 3248 1387 3316 autem
1420 3266 1680 3344 causas
1702 3244 1838 3317 hae
1862 3246 2279 3341 probabiles

344 3385 480 3435 nec
519 3360 891 3434 affirmare
926 3383 1066 3433 nec
1106 3382 1374 3453 negare
1413 3359 1653 3432 ausim
1685 3361 2287 3457 decasyllabicun

345 3478 585 3551 tinum
630 3476 1164 3573 exemplarium
1202 3474 1429 3549 fuisse
1470 3474 1919 3550 formatum?
1967 3481 2113 3558 ,Cur
2138 3488 2287 3554 aut(

345 3595 581 3669 cuerit
617 3593 894 3667 Latinis
923 3594 1099 3665 haec
1125 3592 1196 3663 in
1222 3599 1470 3687 partes
1499 3593 1926 3689 inaequales
1968 3597 2233 3698 diyisio
2265 3599 2287 3668 ⁶2

350 3694 471 3784 res
541 3709 1045 3806 disquirenda.
1114 3710 1264 3780 Hoc
1330 3716 1573 3781 autem
1639 3711 2020 3801 probabile
2088 3721 2223 3786 est.

349 3827 768 3923 rhytthS,
817 3831 895 3898 ut
922 3824 1266 3912 diximuS‚
1316 3849 1608 3902 versum
1672 3826 1747 3898 in
1805 3851 2076 3924 aequas
2117 3836 2287 3924 part¹

351 3945 524 4017 dere
546 3970 565 4032 3
591 3943 765 4039 quid
798 3949 909 4016 est
944 3947 1190 4015 autem
1229 3942 1468 4014 hocin
1497 3965 1767 4038 aequas
1796 3951 2041 4042 partes
2081 3946 2277 4019 divid

347 4059 670 4158 priorem
693 4069 976 4157 partem
995 4059 1376 4154 repetere?
1402 4044 1653 4154 ltaque
1685 4085 1833 4134 non
1863 4061 2287 4137 mirabimur

346 4200 550 4250 mum
584 4177 781 4250 hunc
822 4176 1206 4250 inventum
1238 4199 1380 4272 quo
1418 4175 1734 4273 priorem
1765 4184 2077 4275 partem,
2122 4180 2197 4253 id
2239 4205 2287 4254 e:

345 4300 518 4366 tuor
557 4292 1231 4389 syllabasst‘epetas
1285 4295 1606 4389 (444),
1661 4295 1913 4369 addita
1953 4301 2159 4393 parte
2221 4321 2287 4392 qi

344 4408 846 4483 mathematici
911 4407 1145 4482 nostri
1213 4409 1492 4496 dicunt,
1548 4413 1821 4484 dividat
1859 4411 2042 4486 alias
2092 4437 2107 4488 :
2166 4413 2287 4488 hot

344 4533 389 4599 4
430 4546 526 4606 -†—
558 4525 852 4623 (4—1-2),
901 4526 978 4599 id
1028 4532 1141 4611 est
1178 4528 1244 4622 (2
1278 4546 1372 4605 -ι-
1404 4525 1467 4622 2)
1497 4549 1589 4607 -ἢ-
1620 4530 1808 4625 (2-}--
1839 4534 1993 4609 2÷
2026 4532 2125 4627 2).
2172 4531 2287 4603 Na

416 4718 493 4791 (1)
535 4717 599 4775 Id
632 4720 722 4774 est
742 4717 1051 4788 assonanti,
1082 4722 1320 4775 accentu
1361 4723 1417 4776 et
1444 4734 1637 4791 pausa.
