3616 5887
1391 652 1732 722 ...3.-

442 822 703 877 versus
745 803 1018 897 partes.
1083 800 1334 896 Itaque
1374 799 1465 873 de
1518 801 1867 897 rhythmo
1903 825 2047 878 vox
2083 807 2261 877 rime
2309 805 2500 880 facta
2539 815 2677 899 est,

443 941 631 1017 quae
683 916 1046 1015 significat
1101 916 1233 990 has
1289 927 1781 993 consonantes
1825 909 2146 1018 syllabas
2201 945 2387 1018 quae
2428 948 2689 1001 versus

440 1035 866 1127 terminant,
903 1036 1099 1112 unde
1138 1059 1490 1111 mensura
1527 1036 1794 1112 melius
1825 1039 2300 1137 percipiatur,
2348 1042 2502 1117 sive
2540 1043 2693 1120 bini

438 1177 732 1244 versuS,
769 1153 924 1230 sive
960 1146 1312 1231 versuum
1355 1153 1586 1230 series
1636 1162 2073 1232 consonent.

538 1384 879 1460 Ceterum
917 1384 1057 1458 hoc
1117 1383 1504 1483 praecipue
1560 1384 1911 1460 differunt
1945 1386 2142 1461 inter
2180 1409 2258 1462 se
2306 1391 2689 1484 rhythmus,

440 1526 761 1575 mensura
826 1505 898 1575 et
971 1522 1312 1590 numerus,
1360 1502 1560 1598 quod
1644 1528 1991 1590 numerus,
2065 1501 2255 1578 sicut
2309 1528 2690 1597 mensura,

439 1616 676 1715 magis
728 1617 821 1691 ad
876 1616 1468 1692 numerationem
1543 1623 1960 1715 temporum
2020 1626 2152 1693 aut
2230 1619 2686 1718 syllabarum

437 1734 783 1833 pertinet,
805 1738 1163 1831 rhythmus
1190 1734 1424 1831 magis
1456 1743 1859 1833 usurpatur
1886 1759 2052 1809 cum
2081 1735 2312 1810 series
2340 1762 2688 1813 versuum

437 1852 665 1926 habes
731 1852 848 1926 vel
909 1874 1314 1950 aequorum
1380 1853 1497 1926 vel
1568 1853 2118 1949 inaequalium;
2196 1854 2553 1929 indicabit
2619 1863 2692 1931 et

438 1991 830 2044 numerum
871 1966 1307 2066 implexum,
1343 1992 1510 2043 cum
1544 1968 1974 2044 discordant
2028 1992 2376 2051 caesurae
2425 1995 2686 2046 versus

437 2091 511 2161 et
549 2110 812 2162 sensus
837 2085 1456 2178 intermissioneS,
1490 2092 1571 2163 ut
1608 2111 1783 2162 mox
1820 2086 2242 2165 videbimus
2273 2089 2347 2162 in
2381 2088 2688 2164 metrica

437 2203 678 2309 nostri
716 2202 1182 2278 alexandrini
1224 2204 1508 2278 ratione
1553 2204 1676 2304 (l).

538 2323 730 2397 Haec
774 2322 954 2396 satis
993 2323 1084 2396 de
1121 2321 1521 2396 verborum
1566 2345 1817 2395 sensu.
1871 2404 1873 2407 v

479 2628 482 2632 Α
511 2557 588 2631 (1)
626 2559 729 2616 Est
759 2557 872 2615 alia
892 2546 1090 2624 latior,
1125 2558 1432 2630 minusque
1461 2562 1619 2617 certa
1646 2562 1703 2616 et
1731 2572 1926 2632 pressa
1950 2557 2207 2630 rhythmi
2233 2555 2509 2614 definitio.
2539 2556 2700 2617 Com-

437 2663 671 2707 munem
725 2648 879 2706 enim
933 2650 1249 2707 verborum
1299 2663 1470 2707 usum
1518 2649 1938 2721 vulgaremque
1993 2663 2317 2707 sermonem
2372 2651 2419 2704 si
2477 2651 2699 2705 tantum

437 2753 628 2810 curas,
662 2739 968 2812 rhythmus
997 2754 1112 2797 non
1144 2739 1302 2798 hunc
1331 2739 1495 2798 modo
1524 2753 1838 2797 numerum
1866 2739 1964 2811 qui
1996 2754 2068 2797 ex
2112 2739 2305 2812 pausis
2334 2725 2697 2809 'caesurisque

435 2834 670 2898 constat,
759 2829 858 2887 sed
913 2835 968 2888 et
1024 2825 1264 2888 fluentia
1317 2845 1450 2888 cum
1502 2830 1796 2902 voluptate
1854 2830 2083 2888 aurium
2148 2830 2321 2886 verba
2411 2827 2699 2898 significat

382 2975 386 2979 .
436 2935 713 2995 sonosque
750 2925 875 2979 tum
903 2921 1120 2994 dulceS,
1172 2927 1296 2981 tum
1326 2922 1509 2981 claros
1537 2926 1592 2981 et
1621 2923 1900 2991 heroicOS,
1936 2934 2319 2994 sonorumque
2338 2934 2471 2978 cum
2502 2918 2698 2991 depin-

427 3013 630 3087 gendis
659 3013 1082 3086 reddendisque
1114 3014 1286 3071 rebus
1310 3015 1764 3087 congruentiam,
1791 3014 1865 3071 ad
1889 3013 2029 3071 haec
2067 3012 2369 3085 longarum
2395 3010 2697 3085 brevium-

422 3118 532 3176 que
558 3109 614 3163 et
658 3108 1002 3163 accentuum
1032 3103 1501 3176 implicationem.
1540 3104 1647 3174 Qui
1681 3108 1738 3161 et
1765 3104 2072 3175 rhythmus
2100 3106 2201 3171 est,
2234 3101 2421 3159 sedet
2449 3098 2699 3171 sermoni

425 3208 741 3267 prosaeque
799 3194 1144 3262 communis,
1203 3204 1318 3253 non
1363 3195 1586 3267 primus
1631 3193 1729 3250 ille
1776 3198 1834 3251 et
1876 3191 2154 3266 capitalis,
2228 3190 2699 3261 carminibusque

426 3283 700 3358 proprius
727 3288 784 3343 et
809 3279 1140 3358 peculiaria,
1180 3283 1239 3341 in
1264 3300 1379 3357 quo
1405 3284 1592 3344 omnis
1623 3283 1842 3356 poetice
1872 3282 2106 3341 residet.
