3616 5887
1953 708 2342 775 -70-

1600 879 1779 945 mem,
1848 856 2484 953 subtilitatemque
2562 857 2769 931 illam
2816 858 3257 934 enuntiandi

1675 973 1988 1048 eruditis
2074 972 2379 1048 auribus
2438 976 3103 1068 accommodatam,
3180 980 3264 1050 ut

1600 1114 1792 1166 >rum
1850 1114 2077 1167 sonos
2109 1096 2181 1166 et
2211 1098 2584 1183 accentuS,
2630 1092 2753 1189 qui
2784 1094 3266 1169 verberarent

1600 1207 1710 1297 rit,
1777 1214 1851 1283 et
1911 1208 2132 1284 hodie
2175 1209 2441 1316 lingua·
2478 1217 2736 1283 nostra
2797 1211 3256 1299 accentibuS‚

1600 1331 1728 1399 ‚ota
1768 1331 2085 1416 constet,
2142 1324 2648 1423 vocabulaque
2703 1332 2883 1424 quot
2932 1326 3261 1424 syllabas

1613 1466 1837 1519 sonos
1901 1443 2250 1533 habeant,
2308 1445 2636 1540 exceptis
2701 1468 2887 1540 quae
2943 1446 2997 1517 E
3052 1453 3262 1518 muto

1600 1585 1756 1636 nom
1835 1566 2080 1635 autem
2143 1560 2471 1659 syllabae
2548 1584 2808 1635 omnes
2872 1566 3259 1635 accentum

1613 1678 1845 1752 nulla.
1875 1680 2130 1776 ltaque
2155 1676 2336 1751 mibi
2356 1678 2659 1775 quidem
2679 1679 2975 1753 videtur
3002 1683 3261 1752 nostra

1600 1795 1886 1869 similes
1946 1795 2198 1869 latinis
2260 1801 2609 1870 accentus
2662 1797 2960 1884 habere,
3007 1794 3258 1869 nullos

1600 1967 1629 2004 a,
1674 1912 1801 2009 qui
1854 1919 2137 1988 certum
2199 1913 2441 1987 locum
2480 1912 2848 2003 affectent,
2892 1937 2937 1987 e··
2987 1913 3259 2009 quibus

1600 2061 1609 2103 l
1650 2029 1864 2128 quasi
1895 2030 2219 2105 colorem
2247 2036 2321 2105 et
2351 2034 2646 2103 cantum
2681 2031 2993 2105 trabant.

1600 2180 1607 2220 ι
1637 2147 1777 2221 erit
1799 2171 2009 2222 mora
2027 2147 2448 2243 quinsatear
2465 2172 2689 2222 sonos
2723 2148 3084 2244 quosdam
3104 2172 3243 2223 nos

1600 2288 1724 2339 ¹em
1749 2264 1842 2338 ad
1869 2264 2161 2339 libitum
2184 2265 2386 2340 locos
2413 2270 2724 2356 mutent,
2757 2273 2978 2363 prout
2999 2272 3256 2363 postu-

1605 2382 1807 2457 ictio.
1832 2382 1969 2471 Qui
1996 2387 2338 2457 accentus
2369 2382 2627 2480 procul
2656 2383 2882 2458 dubio
2907 2408 3052 2459 non
3087 2383 3263 2457 ulti-

1603 2524 1750 2574 non
1770 2499 2192 2573 necessario
2227 2500 2595 2590 ultimam,
2625 2525 2771 2574 non
2794 2506 3261 2576 constanter.

1600 2640 1625 2689 1
1680 2616 1978 2690 credam
2031 2617 2207 2690 dum
2250 2640 2439 2690 nova
2479 2616 2921 2690 informatur
2973 2616 3255 2712 lingua,

1600 2758 1698 2808 ,ur
1731 2758 1824 2807 ex
1849 2733 2080 2808 latino
2113 2734 2581 2824 vocabulum,
2621 2735 3026 2831 eodemque
3051 2740 3265 2808 trun-

1600 2875 1629 2924 :1
1672 2851 1747 2924 in
1780 2852 1918 2924 hoc
1950 2874 2142 2924 novo
2175 2850 2559 2941 vocabulo,
2613 2851 2690 2924 in
2732 2853 3079 2925 hacnova
3109 2852 3257 2925 lin-

1600 2970 1820 3042 ndem
1887 2966 2249 3066 syllabam
2323 2970 2618 3043 stetisse
2686 2969 3104 3058 immotum,
3179 2976 3262 3044 ut

1600 3092 1828 3159 [cente
1911 3109 2125 3166 muro
2185 3087 2457 3183 pendet
2529 3110 2790 3161 saxum
2881 3087 3261 3183 ruinaeque

1600 3203 1880 3277 tminet.
1968 3204 2157 3298 Ergo
2235 3202 2394 3277 sola
2478 3203 2810 3277 omnium
2870 3208 3256 3278 accentum

1600 3344 1626 3393 ι
1667 3320 1918 3416 lingua
1949 3344 2097 3394 non
2153 3300 2398 3408 suum,
2453 3321 2584 3394 sed
2617 3320 2870 3417 potius
2913 3327 3265 3395 accentus

1600 3439 1843 3511 [duum
1914 3437 2160 3512 nescio
2205 3462 2350 3533 qua
2405 3437 2816 3511 hereditate
2876 3438 3262 3526 relictum„

1600 3579 1630 3628 a
1690 3554 2028 3629 valeret?
2066 3578 2213 3628 non
2255 3578 2473 3628 suum
2545 3554 2686 3627 sibi
2745 3562 3126 3634 accentum
3168 3581 3262 3628 ex

1601 3729 1621 3762 ‚
1657 3697 1805 3747 non
1845 3671 2571 3748 accommodaverit?
2601 3672 2868 3746 Contra
2891 3697 3054 3747 eam
3098 3697 3261 3748 non.

1600 3815 1681 3864 eo
1713 3790 2059 3864 obtusam
2096 3788 2322 3863 fuisse
2364 3796 2444 3863 ut
2486 3790 2577 3863 ab
2623 3789 2887 3863 ultima
2924 3790 2999 3863 in
3050 3791 3263 3888 prio-

1600 3908 1755 3982 buli
1783 3931 2052 4004 corpus
2088 3930 2234 3980 non
2280 3914 2654 3981 revocaret
2682 3912 3092 3996 accentum,
3129 3907 3253 4005 qui

1600 4025 1783 4098 [licis
1840 4023 2080 4098 verbis
2113 4047 2333 4119 quam
2383 4023 2672 4112 latinis,
2718 4024 3251 4121 pronuntiandi

1600 4140 1824 4226 tione,
1877 4143 2096 4235 caput
2155 4139 2631 4236 animamque
2703 4140 3077 4213 redderet.
3153 4142 3256 4212 Ex

1600 4261 1722 4330 lem
1783 4255 2166 4329 excidente
2232 4255 2493 4330 ultima
2563 4262 2797 4330 restat
2874 4256 3092 4352 loyal,
3169 4282 3256 4330 ex

1600 4398 1616 4448 :
1678 4373 1905 4448 stabit
1976 4380 2322 4447 accentus
2404 4374 2478 4446 in
2536 4373 2998 4470 paenultima
3063 4398 3263 4448 nunc

1609 4489 2074 4566 revocabitur
2102 4491 2193 4565 ab
2221 4490 2482 4565 ultima
2514 4491 2646 4565 illa
2677 4515 2866 4590 quae
2894 4493 3036 4564 iam
3063 4516 3257 4567 nunc

1600 4616 1751 4685 tum
1781 4614 1919 4695 est,
1951 4607 2370 4683 invocabuli
2404 4609 2766 4684 radicem:
2801 4608 3031 4708 loyaL
3063 4608 3256 4703 fea15

1650 4728 1726 4801 in
1787 4725 2082 4801 ultimis.
2137 4750 2352 4823 saepe
2403 4727 2757 4802 manebit.
2818 4728 2967 4801 Hoc
3031 4728 3252 4803 credo

3352 5844 3380 5851 ,.
3413 5816 3498 5851 „42
3564 5762 3602 5849 ,l
