3616 5887
1309 674 1697 743 ...57-

474 827 554 900 In
591 823 707 898 his
741 823 867 920 qui
905 829 1320 921 sequuntur
1348 822 1690 898 versibus
1737 822 1999 920 (unum
2048 826 2246 902 inter
2271 803 2631 904 ducentos

292 973 299 979 ·
370 943 573 1042 apud
598 942 841 1039 ipsum
868 940 1256 1016 Horatium
1291 938 1671 1039 reperias),
1700 949 2005 1037 apparet
2050 969 2429 1020 caesuram
2471 970 2632 1020 ver-

367 1083 507 1134 sus
547 1058 650 1135 ita
676 1055 1041 1132 excidisse
1082 1061 1162 1132 ut
1193 1056 1354 1134 eius
1383 1057 1619 1133 vicem
1673 1064 1933 1157 gerant
1983 1059 2519 1137 trihemimeris
2558 1068 2633 1136 et

372 1175 1039 1277 hephthemimeris
1073 1204 1089 1250 ε

372 1358 534 1420 Cum
563 1355 712 1418 veni
747 1357 759 1437 Ι
797 1373 834 1417 a
855 1352 913 1441 Ι
936 1354 1121 1416 dabis
1155 1354 1170 1432 Ι
1209 1372 1223 1415 t
1253 1355 1441 1417 insue
1477 1355 1489 1435 Ι
1523 1308 1617 1418 vit
1643 1355 1700 1440 Ι
1732 1361 1919 1435 pater
1943 1358 2335 1528 (lsoptitpusl
2371 1360 2505 1531 ἔξει)
2524 1379 2628 1425 me

2019 1454 2133 1521 at„
2205 1495 2216 1509 .
2253 1459 2340 1525 1v,
2458 1498 2472 1513 .

375 1556 507 1617 Nec
528 1554 698 1635 quod
726 1572 765 1616 a
800 1556 811 1630 Ι
845 1552 1166 1637 vusltibi
1205 1555 1214 1635 Ι
1251 1559 1459 1616 mater
1492 1556 1506 1632 Ι
1542 1572 1664 1616 nus
1681 1554 1878 1636 'fuit
1912 1557 1924 1631 Ι
1958 1560 2154 1724 οξῐὲμιθ
2189 1559 2322 1707 ΙΙρει
2357 1557 2368 1637 Ι
2405 1562 2632 1728 {minus

2063 1653 2180 1720 at.‚
2248 1690 2261 1705 .
2290 1663 2376 1722 Ἦ,
2455 1696 2466 1708 .

377 1752 563 1814 Virtu
602 1751 616 1831 Ι
650 1755 781 1814 tem
808 1769 887 1813 ne
912 1750 966 1835 Ι
987 1768 1058 1812 re
1093 1751 1107 1831 Ι
1141 1767 1418 1830 praesen
1455 1750 1465 1822 Ι
1504 1754 1596 1813 tet
1623 1748 1699 1833 Ι,
1719 1769 1825 1814 mo
1861 1754 1875 1830 Ι
1910 1769 2145 1832 resque
2173 1751 2258 1815 Ca
2291 1753 2304 1836 Ι
2340 1754 2587 1817 tonis...

479 1919 689 1995 Unde
721 1924 1025 2017 apparet
1065 1923 1350 1993 tantum
1390 1923 1467 1992 ut
1524 1916 1939 1991 variaretur
1962 1917 2249 2015 poetica
2275 1919 2626 2016 periodus

387 2035 755 2112 adhibitos
817 2035 1047 2111 fuisse
1108 2034 1328 2109 huius
1392 2034 1593 2109 modi
1654 2057 1914 2112 versus
1984 2035 2436 2110 hemistichii
2504 2061 2625 2110 ex-

386 2157 659 2250 perteS,
728 2151 958 2227 immo
1040 2175 1171 2249 per
1227 2151 1632 2225 licentiam.
1696 2152 1882 2224 Non'
1927 2174 2099 2225 vere
2173 2151 2665 2251 tripartitum⁸

388 2289 737 2343 vocamus
790 2267 1004 2344 illum
1058 2267 1438 2365 vulgarem
1500 2272 1573 2341 et
1637 2267 2000 2364 optimum
2031 2290 2329 2372 versum
2370 2268 2445 2342 in
2488 2293 2632 2366 quo

390 2408 693 2460 caesura
725 2385 1094 2460 trochaica
1144 2407 1312 2459 cum
1354 2381 1759 2458 maioribus
1825 2382 2150 2460 caesuris
2190 2384 2567 2459 discordat
2609 2410 2626 2457 :
2696 2467 2703 2474 ,

390 2523 557 2575 nam
592 2501 666 2574 in
698 2500 827 2576 illo
867 2502 930 2574 is
971 2501 1137 2575 fons
1178 2505 1315 2591 est,
1360 2500 1437 2574 id
1477 2499 1926 2597 principium
1983 2500 2330 2575 metricae
2369 2501 2627 2598 volup·
2665 2594 2671 2606 ι

389 2617 559 2691 tatis
599 2620 798 2714 quod
837 2641 1141 2692 caesura
1179 2624 1461 2714 perstat
1492 2618 1831 2713 quamvis
1870 2618 2267 2692 trochaica.

487 2736 678 2829 Ergo
709 2734 847 2808 hoc
887 2733 1121 2831 liquet
1178 2733 1395 2807 nobis
1454 2733 1768 2831 penitus⁴
1803 2740 2191 2831 perspecto
2226 2741 2298 2809 et
2323 2711 2670 2841 excusso&

393 2850 834 2925 Graecorum
866 2874 1087 2938 versu
1123 2876 1139 2926 ε
1428 2948 1434 2955 ἱ

483 2969 540 3042 Ε
566 2967 1163 3043 discordantibus
1192 2967 1639 3065 principium
1682 2973 1753 3040 et
1787 2968 1953 3041 fons
1994 2970 2343 3042 metricae
2375 2970 2631 3066 volup-

389 3085 585 3159 tatis.
636 3084 1019 3159 Diaereses
1082 3078 1681 3163 discordantibus
1750 3083 2205 3157 alternantes
2269 3085 2631 3180 optimum

393 3201 669 3276 faciunt
688 3225 1017 3277 versum.
1049 3201 1262 3275 Prius
1289 3201 1483 3276 enim
1517 3205 1629 3274 est
1670 3209 1742 3273 et
1796 3199 2094 3274 rudium
2148 3201 2534 3275 hominum
2567 3208 2638 3274 et

396 3318 869 3416 simplicioris
911 3318 1259 3393 metricae
1313 3319 1538 3415 pedes
1579 3322 1700 3392 aut
1742 3340 2002 3390 versus
2068 3317 2322 3414 pausis
2375 3341 2635 3391 nume·
2747 3418 2752 3423 .

395 3460 555 3511 rare
578 3460 604 3526 3
630 3436 1004 3534 posterius
1037 3442 1149 3509 est
1180 3441 1252 3509 et
1284 3434 1696 3509 subtilioris
1728 3433 1907 3507 artis
1933 3432 2220 3507 efficere
2253 3439 2333 3507 ut
2354 3434 2635 3508 discor-

394 3554 568 3628 dent
613 3576 885 3651 pausae
942 3576 1109 3626 cum
1164 3551 1477 3650 pedibus
1534 3555 1658 3624 aut
1696 3549 2066 3633 versibuS,
2105 3556 2175 3622 et
2214 3550 2316 3623 ita
2356 3550 2635 3625 discor-

394 3672 569 3745 dent
623 3676 701 3744 ut
741 3674 1083 3744 currente
1137 3673 1386 3741 tamen
1448 3691 1675 3740 sensu
1711 3666 2105 3754 librentur,
2157 3689 2292 3739 nec
2329 3668 2631 3741 omnino

396 3789 686 3877 cadant,
752 3787 979 3884 pedes
1028 3809 1465 3880 versusque,
1529 3789 1602 3870 et
1666 3782 1898 3857 veluti
1953 3782 2274 3857 ambitus
2327 3783 2632 3857 flumine

392 3902 908 4000 corripiantur,
942 3901 1307 3976 notabiles
1335 3907 1611 3974 tamen.

489 4073 701 4147 Nunc
768 4070 1184 4146 videbimus
1239 4093 1388 4143 non
1466 4069 1682 4142 aliter
1747 4093 1827 4143 se
1867 4068 2191 4164 gessisse
2250 4070 2445 4165 apud
2502 4091 2638 4142 nos

399 4214 745 4285 magnum
777 4213 1102 4277 versum,
1146 4187 1728 4283 bipartitumque
1775 4186 2009 4283 priUS,
2046 4185 2319 4258 deinde
2369 4185 2640 4283 tripar-

399 4309 612 4380 titum
668 4309 769 4380 ita
816 4308 1060 4380 tamen
1110 4305 1338 4379 fuisse
1393 4308 1472 4378 ut
1518 4303 1899 4400 bipartitio
1950 4312 2317 4376 maneret.

393 4541 624 4584 versum
640 4502 1024 4582 dicaslicet.ss—
1039 4524 1129 4581 ΞΟ.
1157 4523 1399 4581 Caesura
1422 4537 1626 4579 versus
1652 4523 2009 4580 introchaica
2040 4521 2330 4579 discordat
2360 4536 2491 4578 cum
2510 4522 2641 4579 aliis

388 4616 636 4674 caesuris
668 4630 682 4683 ;
710 4613 1123 4670 trihemimeris
1149 4613 1328 4669 maior
1357 4628 1527 4684 quam
1558 4613 1842 4669 trochaica
1874 4613 2006 4683 quia
2032 4613 2206 4668 unius
2245 4612 2495 4683 syllabae
2516 4619 2599 4670 est
2622 4642 2639 4693 3

393 4704 885 4778 ephthemimeris,
919 4703 1051 4776 quia
1079 4703 1343 4776 congruit
1367 4717 1500 4761 cum
1530 4703 1741 4760 maiore
1802 4717 2003 4760 sensus
2055 4702 2497 4763 intermissione.
2522 4756 2543 4783 ³,

2664 4717 2687 4764 ’.ἲ
