3616 5887
1944 706 2385 776 -108—

1426 878 1685 929 eorum
1742 854 1866 951 qui
1926 854 2164 928 solam
2204 855 2651 930 hemistichii
2721 881 3100 934 caesuram
3145 860 3277 934 ha-

1440 977 1765 1046 tenuem.

1424 1170 1514 1232 nit
1539 1169 1876 1250 remplaca
1892 1168 1954 1231 la
1985 1173 2162 1233 tente
2194 1186 2323 1233 aux
2344 1187 2524 1232 murs
2553 1169 2632 1233 de
2662 1171 2892 1238 toile...

1425 1408 1683 1461 eorum
1709 1385 1835 1482 qui
1877 1385 1952 1459 in
1981 1391 2130 1461 tres
2170 1386 2514 1484 aequales
2547 1394 2794 1483 partes
2831 1389 3270 1480 caeduntur,

1462 1501 1671 1576 nulla
1703 1508 1819 1576 est
1848 1527 2155 1577 caesura
2186 1502 2660 1577 hemistichii.

1424 1718 1531 1761 nne
1547 1700 1845 1775 tremble,
1887 1700 1896 1779 Ι
1934 1707 2012 1761 οὺ
2032 1701 2168 1761 rien
2184 1700 2521 1778 nepleure‚
2562 1699 2573 1776 Ι
2610 1700 2843 1762 ourien
2859 1719 2938 1762 ne
2954 1701 3276 1764 souffre...

1424 1820 1429 1858 ι
1461 1799 1617 1872 ceci,
1654 1799 1667 1877 Ι
1733 1802 1960 1878 tyrans
1991 1800 2069 1859 de
2102 1799 2404 1860 l’homme
2442 1799 2455 1878 Ι
2513 1798 2679 1860 etde
2723 1798 3045 1862 l’Erebe...

1424 2037 1451 2085 1
1550 2011 2233 2087 animadvertamus
2321 2013 2500 2087 haec
2604 2014 2929 2111 quinque
3023 2039 3280 2092 exem-

1426 2129 1569 2204 tria
1594 2129 1827 2223 redigi
1858 2151 2104 2224 posse.
2137 2127 2468 2203 Primum
2510 2130 2708 2204 enim
2749 2137 2822 2204 et
2862 2132 3278 2205 secundum

1430 2251 1481 2335 t,
1518 2244 1690 2342 quia
1723 2243 2277 2318 hemistichium
2318 2245 2626 2335 habent;
2677 2246 2944 2345 nam-si
2966 2272 3279 2324 caesura

1425 2369 1477 2451 t,
1509 2361 1698 2435 aliae
1726 2384 2051 2434 caesurae
2071 2359 2518 2435 hemistichii
2548 2369 2720 2436 suut
2747 2363 3082 2458 quamvis
3113 2364 3280 2439 lon·
3346 2430 3354 2438 .

1424 2501 1636 2552 ansus
1678 2476 2305 2552 intermissiones·
2339 2479 2691 2567 Quintum
2719 2480 3130 2554 omittimus
3162 2488 3279 2556 ut-

1424 2618 1756 2682 aesuram
1784 2618 2046 2669 versus
2067 2595 2303 2668 tollat.
2331 2583 2629 2670 Restant
2654 2599 2796 2671 tria
2821 2599 3279 2695 exemplaria

1424 2737 1442 2785 ι
1483 2709 1953 2786 hemistichia
1982 2712 2334 2799 caeditur,
2382 2720 2455 2786 ct
2486 2715 2679 2809 quod
2720 2714 2792 2788 in
2837 2721 3083 2812 partes
3123 2739 3275 2789 non

1424 2830 1781 2903 ,ovissima
1806 2827 2258 2903 hemistichii
2290 2854 2618 2918 caesura,
2658 2838 2728 2904 et
2757 2831 2954 2928 quod
2986 2831 3272 2906 nullam

1430 2946 1767 3021 issimam
1799 2946 2250 3022 hemistichii
2283 2971 2660 3021 caesuram
2697 2949 2941 3023 habet.

1424 3063 1874 3138 »robabimus
1900 3063 1974 3136 in
2000 3063 2116 3135 his
2152 3063 2385 3137 tribus
2414 3065 2862 3138 hemistichii
2894 3090 3275 3141 caesuram

1424 3181 1624 3253 rthmi
1667 3182 1945 3254 fontem
1992 3203 2182 3254 esse.

1425 3297 1762 3370 enimcst
1798 3297 1988 3369 hanc
2030 3320 2215 3393 quae
2248 3299 2428 3371 duas
2461 3322 2589 3371 sex
2619 3300 3070 3396 syllabarum
3109 3325 3275 3397 par-

1424 3414 1502 3486 iit
1543 3414 1680 3488 sub
1714 3413 1884 3486 aliis
1926 3413 2253 3487 caesuris
2284 3417 2494 3509 quasi
2524 3418 3010 3493 translucere.
3062 3419 3274 3506 Quod

1424 3530 1682 3627 agendi
1725 3531 1878 3602 vim
1918 3531 2183 3603 habeat
2224 3538 2296 3604 et
2355 3555 2605 3606 rerum
2647 3535 2930 3630 species
2968 3535 3276 3610 auribus
3327 3628 3334 3636 ,

1424 3652 1561 3736 tet,
1645 3647 1813 3719 hinc
1883 3646 2119 3720 oritur
2155 3673 2171 3718 ε
2234 3648 2557 3743 primum
2625 3651 2852 3724 habes
2908 3652 2984 3725 in
3022 3653 3272 3734 animo

1424 3763 1572 3837 uasi
1635 3762 2032 3858 imaginem
2097 3764 2173 3836 in
2236 3765 2580 3860 aequales
2642 3767 2826 3840 duas
2865 3775 3111 3865 partes
3153 3767 3270 3840 di-

1424 3903 1605 3977 upcr.
1639 3879 1828 3952 hanc
1870 3878 2269 3976 imaginem
2320 3883 2688 3956 sententia
2717 3907 2881 3957 sese
2921 3885 3265 3982 applicat,

1424 4020 1586 4070 ersu
1625 4001 1750 4069 aut
1789 3997 2106 4091 longior,
2173 3998 2369 4092 quod
2432 3998 2657 4072 efficit
2695 4001 2982 4098 periodi
3023 4002 3275 4098 rhyth-

1424 4097 2154 4187 evior'hemistichio
2202 4115 2377 4189 haut
2440 4114 2753 4211 longior,
2808 4118 3011 4212 quod
3051 4118 3276 4191 efficit

1424 4229 1782 4326 ythmum3
1822 4252 1992 4301 nam
2018 4252 2242 4325 quom
2272 4230 2467 4304 cadit
2497 4233 3271 4320 antehemi'stichium,

1424 4345 1615 4443 luasi
1652 4369 1934 4432 casum,
1980 4346 2191 4442 quasi
2234 4347 2513 4442 aliquid
2555 4348 2822 4446 rapidi,
2869 4349 2985 4422 vel
3031 4350 3278 4443 subito

1426 4486 1649 4560 quom
1721 4462 1916 4534 cadit
1981 4469 2149 4559 post
2217 4463 2798 4554 hemistichium,
2859 4489 3123 4539 sensus
3201 4454 3285 4540 se¹

1450 4584 1521 4652 et
1552 4577 1948 4651 extendere
1988 4578 2307 4668 videtur,
2368 4581 2841 4677 depingitque
2896 4583 3011 4655 vel
3045 4583 3277 4657 otium

1428 4693 1820 4767 uillitatem
1880 4693 2134 4782 animi,
2202 4694 2318 4767 vel
2371 4695 2609 4771 minas
2676 4696 2792 4769 vel
2848 4721 2964 4774 res
3040 4698 3284 4776 varias‘
