3616 5887
1863 682 1953 692 „-
2000 623 2104 707 ‘80
2166 679 2234 689 ..-

1203 815 1208 828 ¹
1254 782 1343 849 En
1377 781 1498 849 sun
1528 788 1750 867 visage
1788 781 1802 864 ξ
1838 803 1911 846 sa
1941 785 2124 845 culur
2148 783 2229 844 ad
2262 773 2534 862 perdue.
3152 799 3164 837 τ

2441 880 2740 963 (Roland,
2774 900 2829 943 v.
2850 883 3062 981 2239.)
3092 939 3099 946 .
3148 901 3159 926 ³

927 1071 1164 1146 Immo
1219 1078 1498 1147 mutam
1547 1094 1938 1146 numerare
1978 1076 2314 1166 quartam
2355 1077 2524 1144 ante
2588 1094 2970 1146 caesuram
3029 1094 3187 1170 non

931 1188 1425 1262 tentavissent
1503 1193 1760 1285 poetae
1829 1210 1871 1259 a
1943 1184 2383 1309 duodecimo
2446 1186 2739 1262 saeculo
2815 1209 3046 1282 usque
3090 1185 3190 1258 ad

936 1309 1227 1378 sextum
1269 1302 1692 1377 decimum.

1257 1513 1332 1574 Et
1360 1512 1456 1574 les
1473 1510 1702 1572 dames
1739 1511 1748 1588 Ι
1786 1511 1901 1590 qui
1926 1511 2332 1572 chastement
2359 1511 2706 1571 vivront..=.

1259 1611 1348 1671 De
1379 1609 1557 1670 veoir
1587 1610 1830 1670 France
1868 1608 1878 1686 Ι
1916 1626 2042 1687 que
2074 1627 2224 1670 mon
2255 1626 2432 1669 coeur
2461 1625 2644 1669 amer
2664 1606 2867 1668 doibt.

944 1829 1043 1900 ita
1106 1832 1451 1922 utusque
1504 1827 1596 1899 ad
1665 1831 1954 1900 sextum
2006 1825 2374 1899 decimum
2442 1826 2820 1899 saeculum
2886 1850 3200 1924 caesura

942 1967 1138 2017 nunc
1168 1965 1334 2017 cum
1392 1944 1643 2032 verbo,
1709 1968 1908 2016 nunc
1950 1966 2115 2018 cum
2163 1943 2387 2016 verbo
2429 1949 2501 2016 et
2529 1949 2832 2017 accentu
2865 1944 3192 2034 caderet,

944 2067 1112 2159 post
1172 2065 1464 2134 sextum·
1511 2060 1908 2146 decimum,
1984 2085 2149 2134 cum
2204 2061 2429 2133 verbo
2508 2064 2578 2133 et
2653 2069 2986 2149 accentu,
3030 2067 3191 2150 aut,

945 2186 1025 2254 ut
1075 2176 1548 2275 potissimum
1617 2165 1915 2267 dicam,
1986 2201 2153 2251 cum
2227 2176 2452 2253 verbo
2529 2185 2601 2252 et
2678 2177 2964 2280 syllaba
3039 2189 3194 2253 non

946 2300 1179 2370 muta.

1045 2496 1418 2595 Principio
1452 2520 1756 2572 caesura
1794 2523 1961 2573 cum
1989 2496 2301 2574 notabili
2344 2521 2609 2573 sensus
2635 2496 3197 2574 intermissione

947 2617 1063 2689 vel
1104 2639 1334 2711 pausa
1392 2616 1877 2712 congruebat3
1914 2616 2227 2705 deinde„
2276 2615 2579 2691 auribus
2623 2640 2968 2691 caesurae
3027 2622 3204 2715 post

950 2737 1289 2829 quartam
1329 2733 1675 2823 assuetiS‚
1734 2730 2158 2807 discordare
2214 2734 2449 2830 potuit
2489 2757 2753 2808 sensus
2812 2757 2977 2808 cum
3038 2758 3203 2807 cae-

950 2874 1161 2959 surat,
1201 2848 1479 2923 scilicet
1510 2850 1747 2924 maior
1786 2874 2051 2925 sensus
2091 2850 2548 2926 intermissio
2588 2851 2664 2926 in
2696 2859 2939 2936 cetero
2977 2874 3202 2934 versu

951 2948 1114 3040 esse
1152 2972 1397 3064 potest
1437 2992 1657 3064 quam
1685 2974 1853 3065 post
1880 2993 2288 3059 caesuram,
2326 2970 2458 3043 hac
2492 2968 2911 3042 conditione
2949 2975 3202 3043 tamen

935 3091 1032 3159 ·ut
1073 3085 1258 3157 levis
1327 3109 1558 3183 pausa
1631 3086 1725 3158 sit
1793 3093 1962 3184 post
2029 3108 2434 3176 caesuram,
2497 3110 2682 3182 quae
2749 3082 3067 3160 exstabit
3134 3086 3203 3159 si

951 3201 1258 3274 verbum
1292 3201 1588 3275 finietur
1622 3226 1788 3275 cum
1817 3208 2090 3297 quarta
2103 3202 2438 3298 syllaba;
2466 3226 2638 3275 nam
2665 3184 3200 3335 postquartatn

946 3316 1256 3391 vcaesura
1283 3322 1394 3390 est
1449 3341 1582 3390 nec
1614 3318 1788 3391 alibi
1831 3342 1994 3391 esse
2031 3323 2309 3416 potest;
2346 3342 2479 3391 nec
2519 3318 2800 3407 liceret,
2847 3319 2990 3392 nisi
3030 3343 3203 3392 cae-

937 3430 1169 3508 “surae
1201 3458 1386 3529 quae
1427 3441 1538 3507 est
1577 3442 1748 3531 post
1780 3441 2116 3531 quartam
2164 3458 2379 3508 aures
2406 3435 2934 3524 assuevissent,
2980 3428 3213 3517 maio-

956 3575 1113 3623 rem
1145 3551 1321 3624 alibi
1350 3544 1653 3648 pausam
1685 3551 2127 3639 intericere·
2166 3553 2356 3647 quod
2391 3557 2461 3623 et
2500 3536 2874 3624 vidimus
2856 3575 2931 3623 ln
2972 3524 3212 3624 latino

957 3669 1382 3740 hexametro
1409 3670 1430 3737 τ’
1462 3666 1745 3762 primus
1772 3665 1972 3739 enim
1997 3683 2350 3749 numerus
2371 3674 2751 3752 caesuram
2778 3667 3210 3754 observare,

959 3783 1032 3856 in
1075 3807 1375 3856 caesura
1407 3783 1918 3879 requiescere3
1963 3782 2404 3879 exquisitius
2445 3806 2825 3856 caesuram
2855 3782 3207 3875 transire,

885 3942 888 3945 Δ
962 3900 1297 3996 quamvis
1354 3924 1489 3974 suo
1529 3901 1691 3974 loco
1747 3904 2065 3983 maneat,
2110 3905 2182 3972 et
2225 3894 2400 3970 alibi
2438 3899 2926 3994 requiescere.
2973 3887 3216 3972 In‘his

962 4016 1297 4115 versibus
1338 4016 1673 4091 invenies
1711 4040 1977 4090 sensus
2018 4015 2649 4090 intermissionem
2688 4040 2856 4093 cum
2905 4039 3214 4089 caesura

966 4132 1544 4207 discordantem.

1283 4334 1387 4414 (Et
1430 4296 1740 4396 toutefois
1773 4335 1831 4395 si
1856 4352 2018 4395 vous
2049 4334 2237 4395 faites
2266 4331 2427 4419 cela)

1240 4434 1454 4493 Pour
1485 4432 1662 4493 obeir
1697 4433 1709 4510 Ι
1747 4452 1828 4493 au
1860 4433 2174 4511 Seigneur
2230 4434 2252 4507 ΙΙ
2309 4450 2411 4491 me
2440 4431 2670 4492 voila..

1284 4533 1429 4591 Fut
1432 4530 1728 4608 ilJamais
1767 4532 1776 4611 Ι
1814 4533 2018 4611 pitie‘?
2072 4533 2117 4607 ΙΙ
2153 4531 2277 4590 ah!
2312 4531 2431 4591 ah!
2461 4531 2526 4605 je
2558 4547 2799 4590 meurs,
2944 4588 2949 4599 ,

1990 4640 2132 4717 (Tu.
2167 4655 2243 4696 DE
2278 4637 2451 4711 ΒΕΖΕ,
2483 4635 2801 4697 Abraham
2820 4593 3209 4717 sacrificial.)

2902 4382 2909 4391 a
2946 4386 2953 4417 Ι
2978 4360 2985 4365 ⁶

3270 5768 3275 5771 ,
3348 5686 3586 5772 „mni
