3616 5887
1873 600 2267 668 -16-

955 746 1164 836 trica,
1210 747 1396 820 nihil
1436 769 1602 821 cum
1648 770 1871 822 -versu
1909 771 1926 820 ε
1987 771 2333 821 caesurae
2376 753 2550 821 sunt
2588 745 2902 843 periodi.
2945 744 3193 818 Nihil-

953 862 1248 937 ominus
1301 868 1548 938 tamen
1618 888 1918 939 versum
1984 872 2236 939 secant
2299 864 2577 938 maiore
2646 885 2911 936 sensus
2965 862 3197 935 inter-

934 980 1311 1063 missione
1339 1004 1561 1079 quam
1597 1005 1782 1079 quae
1811 1005 2103 1056 versum
2132 982 2222 1056 ab
2257 981 2417 1079 ipso
2442 1004 2660 1056 versu
2685 984 2999 1077 separat,
3036 1002 3199 1052 sen·

950 1119 1261 1195 sumque
1330 1105 1401 1173 et
1434 1123 1825 1175 numerum
1860 1099 2285 1174 discordare
2322 1120 2580 1174 verum
2622 1083 2761 1171 est.

1050 1361 1273 1437 Aliud
1315 1368 1558 1437 autem
1626 1363 1743 1437 hic
1775 1369 2034 1440 notare
2076 1364 2456 1439 debemus.
2504 1363 2740 1438 Etiam
2774 1364 2834 1437 si
2882 1387 3192 1461 magnae

951 1503 1216 1554 sensus
1246 1503 1516 1577 pausae
1547 1482 1887 1569 deerunt,
1925 1506 2279 1557 numerus
2307 1481 2435 1555 ille
2464 1482 2877 1556 abstractus
2911 1482 3197 1556 subsis-

844 1641 850 1645 -
947 1601 1105 1670 tere
1144 1620 1276 1694 per
1313 1620 1390 1671 se
1428 1597 1674 1696 ipsum
1716 1622 1865 1672 non
1893 1599 2163 1696 poterit
2195 1598 2371 1695 quin
2401 1598 2653 1694 aliquo
2690 1599 2939 1687 modo,
2984 1597 3057 1671 id
3085 1603 3196 1672 est

949 1710 1354 1789 levissimis
1373 1714 1652 1813 pausiS,
1673 1723 2088 1813 rumpatur;
2124 1740 2479 1791 numerus
2503 1717 2697 1790 enim
2721 1716 3021 1812 quidem
3050 1721 3191 1802 est,
3270 1708 3279 1719 ’
3327 1729 3333 1739 “

951 1833 1082 1906 sed
1113 1837 1197 1906 et
1229 1834 1459 1908 verba
1494 1839 1570 1908 et
1613 1854 1926 1925 :sermo;
1971 1833 2218 1933 itaque
2250 1835 2325 1908 in
2364 1839 2715 1932 quattuor
2776 1832 3001 1909 etiam
3042 1833 3201 1932 syl-

950 1947 1290 2026 labarum
1318 1951 1660 2027 versibus
1701 1952 1826 2051 qui
1869 1959 2331 2049 sequuntur:

1631 2176 1679 2237 Il
1709 2175 1855 2251 fuit,
1892 2175 2160 2239 s’elance

1637 2274 1805 2336 Pais
1836 2294 1914 2336 en
1946 2275 2221 2337 cadence

1637 2373 1762 2435 Sur
1792 2393 1881 2436 un
1894 2374 2055 2456 pied
2082 2374 2271 2435 danse

1630 2474 1727 2535 Au
1757 2474 1918 2536 bout
1948 2473 2101 2535 d'un
2132 2472 2266 2548 slot,

953 2742 1093 2791 vox
1134 2716 1474 2814 legentiS,
1538 2717 1599 2791 si
1642 2717 1806 2792 illas
1840 2718 2161 2817 syllabas
2206 2719 2484 2817 excipis
2541 2740 2726 2816 quae
2775 2741 3079 2791 versum
3118 2718 3200 2790 fi-

955 2835 1194 2926 niunt,
1245 2835 1583 2910 consistit
1624 2836 1701 2908 in
1743 2838 1881 2911 hoc
1922 2835 2216 2934 quidem
2288 2837 2511 2910 verbo
2569 2841 2743 2931 suit,
2807 2835 3206 2931 minusque

955 2952 1320 3044 consistit,
1350 2953 1692 3029 consistit
1713 2960 1989 3045 tamen,
2025 2955 2101 3027 in
2128 2955 2282 3028 illis
2298 2960 2485 3049 pair,
2522 2958 2703 3049 pied,
2739 2977 3201 3052 nequaquam

956 3069 1294 3144 consistit
1320 3070 1400 3146 in
1432 3079 1696 3166 quarto
1722 3095 1968 3147 versu.
2010 3072 2161 3146 Hos
2200 3096 2459 3146 versus
2488 3078 2833 3146 accentus
2862 3071 3205 3145 nomina-

955 3187 1186 3276 veris3
1240 3211 1424 3284 quos
1457 3198 1702 3263 autem
1734 3196 2079 3265 accentus
2107 3212 2367 3264 versus
2422 3214 2571 3264 non
2606 3190 3003 3278 desiderat,
3053 3211 3204 3261 non

959 3303 1330 3378 desiderat
1389 3329 1769 3399 numeruS,
1833 3308 1987 3406 qui,
2029 3313 2113 3382 ut
2150 3307 2504 3395 diximuS,
2562 3305 2638 3379 in
2679 3330 2914 3404 aequa
2971 3304 3205 3404 sylla-

956 3422 1218 3495 barum
1286 3424 1797 3498 numeratione
1864 3425 2252 3515 consistit;
2332 3448 2601 3499 sensus
2656 3424 2766 3498 est
2821 3423 2946 3519 qui
3009 3407 3209 3495 nunc

960 3546 1290 3613 extremo
1330 3564 1548 3614 versu
1592 3542 1956 3633 consistit,
2002 3548 2306 3616 accentu
2362 3547 2768 3616 extremam
2839 3538 3205 3639 syllabam

959 3662 1254 3744 notans,
1302 3681 1508 3731 nunc
1581 3659 1776 3733 intra
1836 3683 2165 3748 versum,
2225 3658 2347 3755 qui
2403 3657 2817 3734 adventicio
2894 3658 2996 3730 ita
3082 3680 3207 3730 ac-

961 3779 1177 3847 centu
1238 3775 1578 3849 donatur.
1644 3778 2009 3851 Accentus
2050 3777 2363 3852 extremi
2416 3802 2674 3853 versus
2727 3774 2936 3851 utilis
2976 3779 3086 3849 est
3108 3774 3208 3847 ad

875 3943 881 3948 ·
959 3914 1380 3979 numerum,
1414 3900 1494 3966 ut
1516 3892 1618 3966 ita
1636 3893 1905 3984 dicam,
1937 3895 2379 3985 feriendum,
2411 3893 2686 3968 indicat
2709 3891 3207 3990 rhythmicam

962 4008 1230 4082 seriem
1289 4008 1503 4083 finire
1551 4036 1566 4102 3
1623 4035 1788 4085 cum
1848 4012 2046 4085 enim
2094 4036 2365 4108 aequas
2400 4012 2632 4087 series
2693 4010 2880 4085 velis
2950 4032 3208 4096 nume-

963 4149 1152 4216 rare,
1190 4149 1336 4200 non
1366 4126 1637 4202 mirum
1674 4136 1743 4203 te
1780 4153 2035 4203 vocem
2060 4128 2137 4203 in
2179 4137 2506 4203 extrema
2537 4128 2825 4226 syllaba
2874 4126 3203 4200 firmare.

962 4244 1323 4317 Accentus
1399 4251 1644 4328 autem
1700 4245 1906 4320 illius
1954 4247 2080 4343 qui
2140 4247 2335 4321 intra
2409 4269 2707 4320 versum
2774 4244 2969 4318 cadit
3042 4242 3209 4339 quis

969 4384 1142 4433 usus
1176 4361 1315 4434 erit
1353 4362 1385 4432 ἰ)
1428 4362 1504 4436 Si
1542 4363 1932 4437 barbaram
1974 4364 2347 4460 quandam
2398 4363 2684 4463 poesim
2737 4362 2997 4462 finges,
3045 4359 3207 4438 cul-

966 4478 1254 4573 pandus
1299 4480 1460 4567 erit,
1510 4486 1760 4577 utpote
1802 4479 1927 4578 qui
1955 4482 2281 4579 rhythmi
2308 4486 2643 4558 tenorem
2684 4483 3024 4577 rumpat;
3073 4478 3205 4551 sed

966 4618 1132 4668 cum
1202 4595 1530 4671 minores
1584 4596 1732 4672 sint
1791 4598 1927 4672 illo
1992 4599 2116 4695 qui
2172 4623 2465 4672 versum
2536 4596 2909 4684 terminat,
2996 4593 3239 4681 facile
