3616 5887
1960 686 2354 770 -66,--

1028 835 1310 911 leonini
1340 836 1688 911 dicuntur
1712 834 2197 910 barbarorum
2223 855 2460 922 error,
2493 856 2663 907 nam
2690 835 3280 911 consonantibus

1031 953 1134 1028 ita
1173 954 1318 1028 duo
1379 951 1714 1034 membra
1770 951 2296 1048 disiunguntur
2338 954 2417 1026 ut
2456 948 2609 1023 sint
2645 950 2792 1027 duo
2830 975 3121 1042 versus,
3158 974 3293 1052 po·

1033 1071 1402 1148 tissimum
1432 1070 1507 1147 in
1546 1068 2057 1168 pentametriS,
2088 1068 2296 1142 cuius
2329 1067 2477 1141 duo
2517 1068 2848 1143 membra
2883 1068 3278 1145 similiora.

1520 1288 1974 1371 perpetuanda
2003 1287 2206 1371 magis
2243 1307 2436 1371 quam
2457 1292 2748 1370 peritura
2765 1290 3022 1376 cupis...

1489 1437 1496 1442 -
1516 1389 1601 1452 Ut
1623 1392 1968 1452 miseretur
1993 1408 2135 1452 eum
2166 1410 2356 1470 saepe
2377 1410 2645 1472 precare
2668 1392 2878 1455 deum.

1132 1606 1615 1683 Exolescente
1635 1606 1970 1682 brevium
2013 1614 2085 1681 et
2122 1607 2515 1704 longarum
2554 1605 2985 1683 discrimine
3015 1632 3285 1684 conso-

1036 1725 1288 1800 nantia
1332 1727 1832 1800 crebrescunt.
1870 1725 2198 1799 Primum
2237 1726 2623 1802 barbarico
2677 1727 2997 1825 quodam
3057 1727 3285 1801 modo

1037 1861 1298 1917 omnes
1343 1865 1603 1917 versus
1635 1865 1783 1918 uno
1826 1866 2010 1917 sono
2049 1843 2347 1935 cadunt,
2394 1849 2475 1918 ut
2515 1844 2590 1916 in
2631 1841 2930 1942 hymnis
2971 1839 3289 1941 quibus·
3331 1892 3339 1899 -

1016 1949 1233 2049 dam,
1293 1981 1709 2056 quanquam
1748 1959 2163 2033 decantatio
2205 1983 2373 2035 cum
2411 1977 2855 2057 organorum
2915 1966 3282 2037 concentu

1035 2076 1296 2152 vitium
1328 2077 1636 2151 forsitan
1677 2078 2133 2152 attenuabat.
3255 2099 3259 2104 ·

1019 2311 1031 2325 '
1131 2296 1630 2375 Consonantia
1732 2299 2045 2397 pedibus
2135 2298 2451 2374 associat
2539 2297 2861 2398 hymnus
2910 2250 3279 2398 ¹Agathae

1032 2423 1294 2515 quarto
1371 2417 1667 2491 saeculo
1734 2417 2218 2515 compositus.
2294 2416 2743 2492 Trimetrum
2826 2418 3276 2516 dactylicum

1033 2536 1255 2632 longa
1319 2544 1613 2610 auctum
1662 2533 1998 2612 adhibuit
2037 2536 2392 2610 Damasus
2451 2539 2733 2622 auctor,
2776 2535 2984 2610 nulla
3059 2560 3282 2633 saepe

1031 2676 1398 2743 caesura;
1456 2651 1768 2725 credidit
1844 2651 2329 2725 consonantia
2394 2674 2781 2726 caesuram
2856 2652 3202 2749 supplere
3243 2654 3280 2723 ⁶?

1028 2770 1192 2843 Non
1234 2768 1582 2866 supplent
1619 2775 1892 2857 tamen,
1935 2773 2006 2840 et
2035 2767 2176 2840 nisi
2204 2772 2464 2842 cantus
2504 2792 2736 2866 pausa
2760 2770 3085 2860 accedat,
3122 2793 3286 2842 cae-

1029 2908 1246 2962 surae
1277 2884 1468 2977 loco,
1496 2907 1646 2960 non
1677 2884 2175 2960 tolerarentur
2200 2883 2385 2959 tales
2412 2907 2701 2974 versuS,
2728 2883 3017 2983 peiores
3051 2898 3277 2984 quam.

1030 3002 1364 3104 syllabae
1404 3007 1692 3080 tantum
1732 3025 1900 3077 cum
1932 3025 2234 3076 caesura
2274 3008 2741 3080 numeratae.
3243 3023 3252 3036 ⁸

1508 3209 1805 3292 Martyris
1842 3210 1852 3290 Ι
1892 3229 2036 3272 ecce
2066 3211 2131 3271 di
2165 3214 2179 3289 Ι
2216 3228 2285 3272 es
2314 3212 2450 3291 Aga
2486 3211 2496 3291 Ι
2531 3210 2681 3274 thae

1513 3312 1797 3391 Virginis
1835 3311 1846 3390 Ι
1884 3311 2117 3371 emicat
2154 3313 2164 3385 Ι
2203 3310 2396 3370 eximi
2433 3309 2446 3390 Ι
2479 3328 2557 3370 ae
2747 3307 2756 3316 “

1514 3411 1807 3472 Christus
1830 3428 1863 3471 e
1900 3411 1912 3488 Ι
1948 3428 2052 3471 am
2081 3410 2204 3470 sibi
2241 3410 2250 3488 Ι
2290 3427 2456 3488 quae
2501 3409 2634 3471 soci
2671 3409 2685 3488 Ι
2719 3413 2812 3484 at,

1517 3512 1590 3571 Et
1616 3509 1723 3570 dia
1758 3509 1770 3590 Ι
1810 3509 1998 3569 dema
2027 3508 2114 3569 du
2149 3509 2159 3588 Ι
2197 3508 2346 3586 plex
2378 3507 2534 3569 deco
2570 3509 2583 3588 Ι
2619 3513 2742 3570 rat.

1034 3736 1217 3822 Cum
1280 3744 1399 3818 hic
1483 3766 1748 3818 versus
1819 3740 2148 3816 caeditur
2212 3738 2726 3828 trihemimeri,
2775 3742 3278 3836 decasyllabum

1042 3868 1381 3940 nostrum
1413 3858 1638 3936 habes
1676 3886 1692 3935 :
3245 3843 3250 3851 ⁶

1519 4063 1815 4129 Christus
1842 4082 1983 4128 eam
2019 4065 2033 4142 Ι
2070 4061 2192 4125 sibi
2222 4079 2390 4143 quae
2417 4062 2644 4125 sociat.

1025 4303 1304 4394 'Quinto
1366 4276 1660 4379 saeculo
1702 4274 2158 4399 scripserunt
2197 4303 2361 4374 octo
2413 4295 2869 4396 syllabarum
2911 4295 3265 4376 iambicos

1046 4420 1348 4518 oblique
1389 4426 1911 4511 consonantes,
3202 4407 3206 4412 ’

1604 4628 1654 4688 Α
1686 4624 1842 4686 solis
1877 4627 2058 4684 ortus
2087 4622 2351 4683 cardine

1599 4726 1698 4787 Ad
1724 4742 1932 4803 usque
1959 4727 2170 4789 terrae
2196 4722 2478 4785 limitem.
