3616 5887
1342 640 1629 713 —''125
1689 683 1776 750 -ᾗ

336 794 343 798 ’
443 797 925 895 que'maximi
954 819 1101 886 non
1143 794 1362 868 versu
1414 781 2175 891 imperaverunt.'sed
2233 784 2676 864 servierunt.
2730 818 2748 845 ¹·
2794 794 2798 798 ⁴
2907 783 2913 788 ’

445 915 519 987 in
566 915 837 1011 quihus
878 937 1023 1005 non
1067 905 1411 984 materies
1450 911 1671 985 trahit
1712 911 1918 984 forma

361 1065 368 1070 ·
443 1031 701 1104 teriem
733 1030 1095 1126 captivam
1143 1033 1370 1101 tenet.
1417 1028 1482 1100 Is
1522 1026 1718 1099 enim
1766 1052 1918 1101 vers

403 1147 607 1220 ¹bins
661 1145 1069 1231 constituit,
1122 1144 1330 1239 quasi
1401 1143 1838 1239 lapidarius,
1890 1152 1918 1249 ,l

443 1262 856 1336 sententiis.
895 1262 1045 1334 Hoc
1076 1259 1299 1347 valet,
1349 1260 1483 1331 hoc
1516 1266 1766 1356 peccat
1797 1260 1918 1333 Bol

444 1402 733 1475 quoque
793 1401 1011 1450 versu
1055 1376 1502 1448 sententiam
1557 1375 1903 1466 includit,

441 1501 725 1596 tanturn
753 1494 846 1567 ad
889 1516 1188 1565 versum
1224 1495 1539 1595 spectas,
1572 1491 1918 1586 inelegan·

442 1610 534 1683 lis
565 1607 889 1684 Cornelii
931 1610 1269 1683 versibus
1303 1607 1486 1680 nihil
1535 1609 1917 1703 pulchrius

443 1750 705 1823 poema
745 1728 858 1801 cui
924 1725 1186 1801 titulus
1248 1724 1737 1798 inscribitur:
1794 1758 1826 1795 «
1887 1728 1918 1798 I

441 1844 808 1919 feriuntur
858 1844 1056 1917 enim
1091 1843 1164 1915 in
1207 1866 1376 1915 aere
1405 1842 1614 1938 quasi
1657 1843 1732 1914 in
1774 1866 1918 1916 mol

599 2034 672 2092 Je
705 2031 837 2093 sais
858 2050 929 2093 ce
956 2050 1081 2110 que
1106 2034 1171 2108 je
1192 2050 1363 2091 vaux
1390 2036 1452 2091 et
1483 2031 1651 2091 crois
1683 2049 1753 2092 ce
1785 2031 1918 2109 qu'<

519 2151 531 2165 ·
604 2132 769 2191 Pour
794 2149 897 2190 me
923 2131 1083 2191 faire
1114 2130 1398 2190 admirer
1421 2130 1486 2207 je
1506 2148 1585 2189 ne
1617 2131 1740 2191 fais
1768 2132 1918 2209 poin

607 2231 726 2289 Par
757 2229 1106 2289 d'illustres
1134 2229 1270 2289 avis
1297 2228 1361 2306 je
1391 2227 1709 2289 n'eblouis
1729 2248 1918 2307 perso

442 2436 648 2524 Quod
695 2459 955 2532 poema
1010 2441 1258 2527 tam-en
1334 2435 1683 2508 continuo
1743 2434 1918 2508 lectt

444 2552 984 2625 subtilissimus
1008 2551 1242 2625 lector
1273 2551 1350 2624 in
1392 2551 1739 2648 periodos
1768 2553 1918 2624 red=

444 2668 714 2771 singuli
796 2669 1196 2764 splendent
1256 2676 1697 2763 sonantque.
1781 2669 1918 2761 Mag

445 2793 615 2859 sunt
656 2785 941 2870 classici
984 2791 1240 2880 poetae
1275 2785 1663 2880 siquando
1709 2784 1913 2881 perio

446 2902 709 3000 spiritu
750 2901 918 3004 solo·
955 2902 1284 2977 trahunt.

508 3099 732 3208 *Haec
775 3124 1007 3195 usque
1041 3101 1132 3172 ad
1195 3105 1537 3174 nostrum
1597 3101 1918 3174 saeculm

343 3249 350 3254 ⁴
444 3239 591 3289 non
635 3214 779 3289 nisi
822 3224 1078 3305 nqstro
1121 3216 1415 3289 saeculo
1460 3217 1701 3290 editus
1740 3223 1878 3289 est.

381 3365 385 3370 ·
445 3333 841 3407 C-henerius
878 3333 953 3405 in
1016 3334 1370 3406 struendo
1413 3333 1715 3428 periodo
1752 3333 1875 3428 qui

443 3449 1061 3523 versificationem
1102 3449 1576 3521 intellexerit.
1622 3449 1918 3522 Ceteru1

445 3589 658 3658 quam
691 3550 988 3638 versum
1032 3565 1366 3652 mutavit,
1400 3589 1570 3636 nam
1613 3565 1686 3636 in
1719 3589 1918 3665 versi

445 3705 610 3754 raro
665 3696 818 3754 'non
887 3687 1247 3764 servatur,
1324 3705 1747 3776 quanquam
1802 3705 1918 3754 sae

447 3820 671 3892 pausa
713 3797 1016 3869 maiere.
1065 3800 1408 3869 Attamen
1451 3803 1523 3869 et
1564 3798 1918 3869 romantio

603 3998 667 4060 Si
699 4000 848 4061 bien
888 4001 1083 4078 qu'au
1112 4002 1321 4061 meme
1352 4001 1597 4060 instant
1624 3995 1905 4066 clocheS‚

474 4170 478 4176 ἢ
602 4096 760 4157 Sont
786 4099 899 4178 pre
929 4107 956 4169 ΙΙ
990 4106 1095 4174 teS,
1130 4105 1187 4157 et
1220 4096 1485 4157 chacune
1523 4097 1531 4173 Ι
1571 4091 1811 4167 attend,
1844 4091 1872 4172 ΙΙ
1902 4111 1918 4151 ε

480 4266 485 4270 ,
546 4199 552 4203 ’
605 4196 763 4268 Qu’a
789 4213 1029 4256 sonner
1060 4196 1344 4274 quelque
1378 4199 1639 4255 mort...
1708 4195 1711 4198 ’

375 4402 381 4408 ’
452 4401 644 4474 idem
684 4403 957 4498 optime
991 4390 1288 4496 scripsit
1329 4400 1613 4472 iambos
1649 4398 1918 4502 discor(

454 4544 637 4612 quae
669 4519 1062 4590 Barberius
1096 4524 1349 4589 noster
1398 4524 1548 4589 tam
1584 4515 1918 4586 ferociter

452 4635 639 4709 ratio
678 4641 791 4727 est
830 4658 1015 4730 quae
1061 4633 1286 4706 efficit
1324 4632 1712 4729 periodum
1755 4632 1918 4703 arde
