3616 5887
3041 8 3050 25 ³
3081 8 3094 31 ⁸
3123 7 3472 187 ’ἜῖθῑῖἾΞἼ

3233 62 3270 89 ιι

1910 708 2299 793 „50-

979 862 1142 945 sola
1166 890 1342 944 voce
1365 867 1462 942 sit
1482 866 1958 960 emittenduS,
1985 866 2171 944 alter
2191 867 2308 943 cui
2342 868 2439 945 sit
2466 868 2933 947 adhibendus
2963 862 3246 946 fidium

972 991 1101 1061 aut
1140 984 1491 1063 tibiarum
1518 984 1951 1061 concentus·
1996 985 2165 1059 Sive
2216 984 2467 1061 brevis
2507 986 2631 1076 sit,
2705 986 2860 1062 sive
2926 987 3241 1084 longuS,

970 1126 1101 1179 seu
1142 1102 1535 1179 duodecim
1576 1107 1867 1178 constet
1897 1125 2026 1177 seu
2073 1125 2204 1176 sex
2252 1101 2589 1200 syllabiS,
2634 1102 2908 1179 satirae
2946 1103 3240 1179 carmi-

971 1219 1140 1295 nive
1174 1219 1278 1295 sit
1317 1220 1944 1309 accommodatus,
1989 1218 2146 1294 suis
2186 1219 2518 1296 numeris
2557 1223 2946 1296 contentus
2984 1243 3124 1318 per
3156 1244 3244 1295 se

971 1343 1213 1429 canat,
1248 1337 1368 1414 vel
1405 1360 1852 1435 organorum
1893 1336 2135 1412 modis
2191 1343 2578 1432 consonet,
2643 1360 2904 1416 versus
2971 1342 3245 1412 noster

971 1476 1269 1551 semper
1312 1451 1509 1527 idem
1541 1459 1682 1543 est,
1719 1476 2016 1551 semper
2045 1453 2358 1529 eandem
2394 1452 2760 1552 poeticam
2808 1452 2959 1527 vim
3001 1452 3245 1536 habet

970 1576 1044 1645 et
1078 1570 1456 1646 virtutem.
1489 1571 1926 1667 Quanquam
1967 1570 2324 1646 debemus
2362 1570 2834 1647 considerare
2870 1569 3239 1668 gallicum

964 1711 1264 1764 versum
1304 1693 1463 1763 tum
1492 1690 1795 1763 demum
1845 1687 2213 1786 poeticum
2242 1712 2406 1762 esse
2451 1711 2683 1787 quum
2741 1687 2923 1762 satis
2965 1685 3240 1762 multis

967 1804 1332 1881 efficiatur
1372 1804 1735 1905 syllabis3
1808 1829 1979 1880 nam
2025 1804 2088 1880 si
2138 1805 2438 1880 brevior
2499 1803 2667 1897 erit,
2724 1803 2789 1879 si
2837 1803 3239 1902 pauciores

966 1920 1292 2022 syllabas
1318 1922 1773 2013 numerabis,
1811 1922 2061 1999 minus
2091 1946 2179 1998 eo
2219 1921 2641 1998 numerosis
2699 1927 2769 1996 et
2808 1920 3231 2017 simplicio·

965 2040 1170 2115 ribus
1211 2042 1454 2116 modis
1485 2048 1553 2116 et
1595 2064 1903 2116 caesura
1944 2064 2162 2139 saepe
2193 2039 2401 2117 nulla
2430 2038 2798 2114 constabit
2840 2063 2859 2129 ς
2895 2062 3028 2112 nec
3069 2037 3231 2113 iam

961 2180 1265 2233 versum
1303 2158 1434 2233 sed
1474 2157 1690 2255 quasi
1751 2181 2013 2233 versus
2067 2158 2505 2254 fragmenta,
2569 2179 2705 2230 nec
2753 2177 3023 2253 corpus
3085 2156 3231 2231 sed

957 2273 1298 2349 membra
1326 2274 1660 2361 habebiS‚
1707 2275 1976 2372 quibus
2002 2298 2137 2349 nec
2177 2273 2401 2348 inerit
2456 2273 2850 2349 modorum
2889 2272 3224 2347 varietas

961 2415 1096 2468 nec
1121 2390 1530 2468 modulatio
1568 2390 1843 2466 flexilis
1875 2415 2062 2491 quae
2092 2391 2184 2466 ad
2223 2388 2620 2488 grandiora
2657 2412 2885 2487 opera
2939 2388 3231 2487 optime

965 2533 1044 2584 se
1084 2513 1284 2607 aptet
1324 2534 1344 2599 ;
1389 2509 1666 2608 quippe
1697 2508 1966 2608 longus
2023 2532 2277 2583 versus
2328 2507 2405 2581 in
2470 2530 2575 2596 se,
2634 2511 2717 2581 ut
2777 2506 2880 2580 ita
2940 2505 3226 2613 dicam,

961 2634 1260 2704 cantum
1318 2632 1521 2703 tenet
1583 2626 1985 2719 inclusum,
2043 2624 2340 2703 brevior
2412 2629 2662 2699 autem
2738 2622 2977 2699 modis
3051 2628 3233 2721 eget

961 2743 1436 2819 succentivis.

1052 2861 1285 2951 Quam
1322 2859 1752 2936 absolutum
1794 2865 1869 2935 et
1907 2861 2314 2961 perfectum
2376 2858 2705 2959 poeticae
2759 2858 3228 2935 instrumen-

884 3011 893 3020 ·
952 2982 1113 3054 tum
1168 2977 1246 3052 in
1305 3003 1572 3077 magno
1611 3003 1834 3056 versu
1871 2979 2111 3058 nostri
2149 2978 2572 3054 invenerint
2611 2983 2685 3053 et
2723 2976 3222 3068 excoluerint,
3469 3001 3470 3016 ³

958 3094 1387 3172 docebimus
1447 3098 1526 3171 in
1587 3098 1722 3172 hac
1784 3096 2122 3196 opusculi
2179 3097 2507 3173 secunda
2545 3103 2779 3194 parte,
2823 3093 3230 3194 praecipue

962 3212 1266 3290 scrutati
1324 3217 1788 3289 Alea-andrina·
1862 3214 2251 3311 originem,
2350 3219 2825 3304 structuram,
2901 3214 2972 3288 et
3039 3236 3227 3311 pro·-

955 3354 1237 3406 cessus.
