3616 5887
2883 14 3535 179 *¹¹-

1949 676 2340 745 ...18-

1018 828 1214 924 quod
1255 831 1531 926 spectet
1562 828 1651 900 ad
1706 827 2089 901 metricam
2115 825 2273 921 (1):
2324 849 2492 899 nam
2539 835 2609 900 et
2661 851 2881 924 prosa
2922 834 3269 904 accentus

1016 945 1236 1019 hahet
1277 944 1492 1018 huius
1548 944 1869 1041 generiS,
1914 944 2110 1017 unde
2165 965 2521 1017 numerus
2553 949 2626 1016 et
2664 967 2953 1041 prosae,
2991 946 3269 1020 consti·

1015 1060 1195 1137 tutis
1236 1062 1336 1135 ita
1362 1061 1437 1135 in
1467 1084 1808 1134 sermone
1846 1058 2204 1148 articuliS‚
2250 1064 2376 1133 aut
2415 1060 2716 1157 paribus
2746 1068 2872 1135 aut
2908 1061 3264 1159 inaequa-

1015 1177 1239 1266 libus,
1307 1177 1432 1274 qui
1480 1183 1550 1252 et
1619 1177 2046 1277 rhythmum
2091 1201 2221 1275 per
2260 1177 2765 1252 discordantia
2830 1178 3136 1275 faciunt.
3191 1179 3268 1253 Si

1012 1296 1211 1370 hunc
1247 1319 1545 1372 versum
1581 1295 1887 1370 enuntio
1920 1321 1939 1368 ι

1453 1475 1619 1538 G’est
1642 1475 1921 1538 l'essaim
1954 1475 2069 1538 des
2097 1475 2335 1556 Djins
2366 1476 2479 1555 qui
2501 1495 2718 1558 passe,

1009 1658 1383 1757 ignoranti
1433 1657 1790 1756 reliquam
1844 1659 2227 1757 periodum
2271 1658 2347 1733 in
2415 1666 2664 1757 partes
2708 1665 2990 1758 septem
3026 1661 3259 1760 sylla-

1008 1777 1270 1852 barum
1312 1800 1475 1850 esse
1516 1776 1866 1864 divisum,
1914 1777 2244 1851 nondum
2303 1800 2563 1852 versus
2618 1783 2757 1865 est,
2822 1778 2949 1851 sed
3006 1801 3251 1876 prosa.

1007 1894 1231 1991 Finge
1257 1917 1372 1968 me
1410 1917 1670 1970 versus
1710 1893 2131 1992 superiores
2166 1895 2240 1969 in
2276 1917 2572 1992 prosam
2606 1893 2963 1993 redigere,
2996 1894 3258 1970 leviter

1007 2012 1310 2088 mutatis
1351 2037 1393 2087 a
1432 2011 1769 2087 versibus
1810 2014 2171 2087 detortam
2205 2036 2221 2086 :
2263 2019 2421 2088 tum
2463 2012 2687 2087 etiam
2741 2018 3087 2088 accentus
3116 2015 3252 2087 ha-

1007 2131 1146 2205 beo
1187 2137 1260 2207 et
1289 2133 1718 2231 rhythmum
1772 2130 2191 2227 quendam:

999 2310 1004 2316 ι
1088 2361 1119 2394 «
1152 2338 1609 2402 C'estl’essaim
1640 2339 1756 2399 des
1790 2337 2028 2418 Djlns
2064 2336 2076 2418 Ι
2112 2338 2225 2418 qui
2245 2339 2473 2419 passe!
2508 2335 2539 2418 ΙΙ
2582 2337 2667 2398 Ils
2714 2336 3257 2401 tourbillonnent

1006 2446 1086 2490 en
1117 2429 1384 2492 sifflant
1413 2448 1427 2503 ;
1458 2427 1488 2511 ΙΙ
1517 2428 1609 2491 les
1639 2428 1768 2504 iis,
1811 2429 1821 2507 Ι
1859 2447 1986 2509 que
2014 2430 2153 2489 leur
2173 2428 2278 2489 vol
2307 2428 2535 2499 brise,
2575 2432 2587 2506 Ι
2623 2433 2996 2506 craquent.
3027 2425 3057 2509 ΙΙ
3086 2430 3256 2490 Leur

1001 2521 1390 2600 troupeau,
1430 2522 1440 2600 Ι
1476 2518 1670 2580 lourd
1695 2523 1759 2579 et
1787 2518 2039 2600 rapide,
2078 2520 2091 2594 Ι
2125 2518 2518 2598 precipitant
2549 2535 2667 2580 son
2705 2517 2881 2580 vol...
2920 2542 2951 2574 »
3279 2522 3287 2528 “

1098 2733 1299 2807 ldem
1340 2754 1720 2821 numeruS,
1779 2730 2008 2805 iidem
2080 2728 2498 2804 secundarii
2547 2732 2893 2803 accentus
2946 2727 3254 2802 eaedem

999 2850 1477 2927 secundariae
1517 2871 1788 2949 pausae
1830 2848 1906 2921 in
1938 2871 2160 2922 versu
2200 2853 2365 2922 octo
2405 2844 2856 2946 syllabarum
2901 2871 2919 2918 ε

1318 3041 1401 3103 Ils
1432 3043 1579 3102 sont
1606 3043 1746 3101 tout
1773 3041 1946 3118 pres,
1988 3038 1998 3116 Ι
2035 3038 2287 3098 Tenons
2308 3038 2548 3098 fermee

1317 3141 1494 3201 Cette
1521 3137 1677 3201 salle
1716 3139 1726 3218 Ι
1765 3144 1848 3199 ou
1880 3155 2047 3199 nous
2066 3136 2163 3197 les
2188 3153 2599 3215 narguonS...

1317 3241 1408 3300 La
1423 3243 1657 3317 poutre
1688 3236 1777 3297 du
1811 3235 1947 3308 coit,
1990 3235 1999 3315 Ι
2038 3233 2375 3308 descellee,

1307 3337 1480 3399 Ploie
1518 3338 1528 3416 Ι
1564 3336 1732 3397 ainsi
1762 3336 2004 3415 qu’une
2033 3334 2238 3423 herbe
2265 3332 2591 3407 mouillee,

1316 3437 1392 3498 Et
1421 3436 1483 3497 la
1509 3435 1722 3497 vieille
1743 3439 1942 3516 porte
1968 3431 2236 3495 rouillee

1312 3534 1602 3597 Tremble
1639 3534 1650 3614 Ι
1687 3541 1726 3596 a
1755 3533 2095 3596 deraciner
2114 3549 2217 3594 ses
2248 3530 2479 3612 gonds.

1063 3739 1140 3813 (1)
1170 3739 1328 3797 Adde
1355 3739 1446 3795 his
1475 3736 1805 3795 accentibus
1830 3722 2020 3793 locum
2044 3748 2208 3806 saepe
2237 3746 2350 3789 non
2381 3690 2633 3788 lcertum.
2682 3730 2748 3786 ln
2774 3729 2881 3785 hoc
2918 3742 3091 3786 versu

1456 3836 1656 3889 Volant
1679 3835 1815 3885 dans
1843 3834 2074 3900 l'espace
2105 3827 2244 3893 vide,

986 3942 1288 3996 accentum
1319 3951 1496 4010 ponas
1540 3942 1595 3997 et
1632 3936 1694 3994 in
1736 3936 1926 4008 priore
1967 3939 2022 3992 et
2059 3934 2120 3989 in
2149 3929 2401 3990 secunda
2430 3927 2650 4001 syllaba
2681 3926 2945 3985 vocabuli
2997 3926 3237 3985 volant:

986 4028 1049 4085 in
1081 4028 1268 4101 priore
1297 4027 1487 4101 potius
1516 4046 1528 4081 ε

1459 4124 1657 4178 Volant
1684 4124 1821 4176 dans
1853 4122 2081 4187 l'espace
2115 4118 2264 4170 vide.

983 4227 1052 4284 Et
1090 4226 1150 4284 in
1175 4226 1372 4284 eodem
1399 4239 1571 4286 versu
1597 4224 1758 4295 alioS,
1789 4238 1961 4282 sensu
1983 4220 2277 4294 magistr0‚
2321 4217 2471 4274 locos
2513 4213 2775 4272 affectare
2822 4217 3003 4285 potest
3052 4214 3239 4271 maior

983 4322 1267 4387 accentus,
1298 4316 1391 4375 vel

1457 4415 1654 4466 Volant
1683 4414 1818 4465 dans
1843 4411 2073 4476 l'espace
2105 4407 2246 4470 vide,

1310 4513 1406 4572 vel

1448 4612 1645 4664 Volant
1679 4611 1813 4663 dans
1842 4608 2067 4673 l'espace
2101 4605 2223 4657 vide

977 4720 1177 4779 sivein
1198 4722 1411 4789 volatu,
1430 4721 1552 4779 sive
1567 4721 1627 4779 in
1649 4720 1838 4793 spatio
1854 4718 2019 4777 inani
2045 4713 2441 4787 cogitationem
2468 4708 2743 4767 auditoris
2769 4706 3028 4764 insistere
3052 4707 3221 4765 velis.
