3616 5887
33 1765 54 3748 -ὴ-ὝήῂῄἾ-Ὕ-ᾑῠῂ-ἡ-Ρψ-τψ-ᾐ-
39 1674 44 1749 v
39 1525 44 1658 w
39 1482 44 1501 r

1316 642 1709 712 ...73-

382 791 522 864 sed
563 792 753 887 quod
800 794 1045 864 mutae
1115 790 1190 863 in
1256 789 1739 887 populatibus
1804 782 2255 866 carminibus
2298 802 2448 867 non
2504 798 2636 889 ΠΨ

383 914 772 981 merantur
806 935 822 978 z

714 1036 923 1115 Prend
955 1074 1026 1115 sa
1056 1056 1191 1115 rob'
1223 1056 1496 1116 blanche
1528 1056 1597 1116 ct'
1622 1073 1693 1115 sa
1723 1053 1994 1114 ceintur’
2023 1048 2240 1114 doree.

382 1181 882 1303 Boetius-fuit}
928 1220 1000 1287 et
1030 1215 1224 1288 artis
1246 1215 1680 1300 subtilioris,
1746 1217 2026 1297 mutam
2071 1238 2220 1288 non
2264 1202 2636 1312 negligere

380 1334 852 1405 numerando
886 1332 1030 1404 nisi
1058 1332 1132 1405 in
1164 1356 1420 1427 pausa,
1462 1332 1631 1427 quia
1654 1331 1727 1403 in
1758 1355 1986 1428 pausa
2008 1337 2212 1405 muta
2231 1317 2630 1407 ‘evanescitss

492 1449 848 1523 Notemus
883 1472 1181 1522 omnem
1223 1448 1588 1545 gallorum
1647 1447 2031 1520 metricam
2089 1448 2449 1521 rationem
2493 1451 2634 1524 huc

383 1565 722 1639 tendisse
803 1590 1035 1662 usque
1111 1566 1202 1638 ad
1286 1564 1669 1638 Malherbii
1733 1571 2095 1660 tempora,
2184 1572 2262 1639 ut
2325 1590 2632 1641 caesura

386 1706 623 1778 pausa
655 1706 918 1757 sensus
961 1688 1181 1770 esset,
1223 1690 1295 1756 ut
1343 1689 1510 1779 post
1551 1705 1934 1755 caesuram
1962 1706 2052 1764 ne
2096 1687 2297 1756 muta
2335 1684 2634 1779 quidem

385 1798 557 1874 iret.
620 1801 790 1873 Ideo
838 1801 941 1873 ita
1005 1799 1297 1872 definiri
1363 1799 1583 1873 debet
1649 1823 1954 1872 caesura
1994 1825 2012 1872 ε
2048 1824 2276 1897 pausa
2317 1825 2628 1876 sonorae

389 1916 703 1990 adiecta.

494 2032 784 2107 Nostris
816 2039 1063 2107 tamen
1094 2033 1579 2131 temporibuS,
1642 2034 1926 2106 scilicet
1965 2057 2191 2130 quum
2221 2034 2653 2108 alexandri--

392 2174 537 2224 nus
583 2151 976 2249 decursum
1026 2175 1240 2224 suum
1275 2155 1349 2223 et
1386 2149 1838 2243 curriculum
1881 2174 2230 2224 emensus
2265 2153 2509 2243 fuerit,
2547 2154 2638 2226 ad

392 2267 912 2341 secundarium
962 2267 1176 2341 illum
1232 2269 1657 2364 rhythmum
1698 2268 1822 2362 qui
1866 2267 2280 2364 tripartitus
2322 2276 2459 2374 est,
2515 2270 2641 2366 qui

394 2409 545 2459 non
602 2385 943 2459 sufficere
1004 2392 1291 2483 poterat
1336 2386 1482 2458 nisi
1533 2371 1922 2481 postquam
1971 2410 2097 2482 per
2151 2386 2446 2482 longam
2489 2410 2636 2459 me·

395 2503 659 2580 dianae
726 2526 1073 2575 caesurae
1115 2501 1727 2574 consuetudinem
1798 2527 2015 2576 aures
2088 2508 2388 2576 nostrae
2464 2502 2643 2576 duo-

395 2619 635 2691 decim
707 2619 1034 2715 syllabas
1103 2643 1494 2693 numerare
1562 2619 1679 2691 vel
1762 2620 1922 2692 sine
2001 2643 2267 2714 magna
2339 2643 2646 2693 caesura

393 2741 902 2825 assueverant,
968 2759 1273 2809 caesura
1313 2736 1487 2807 haec
1539 2735 1877 2821 sufficiet,
1917 2759 2103 2831 quae
2145 2736 2383 2809 caedit
2428 2759 2643 2809 sono·

398 2876 557 2924 ram
610 2876 651 2924 a
702 2859 904 2925 muta
966 2853 1041 2924 in
1102 2875 1321 2924 versu
1393 2858 1825 2941 numerata,
1873 2858 2029 2925 tum
2096 2851 2291 2924 enim
2343 2853 2640 2925 demum

400 2969 918 3059 alexandrino,
1029 2976 1109 3043 ut
1208 2969 1513 3042 cuilibet
1612 2969 2167 3066 octosyllabico,
2273 2971 2649 3043 sufficiunt

395 3086 880 3159 secundariae
912 3086 1080 3159 illae
1109 3110 1456 3160 caesurae
1493 3087 1759 3182 quibus
1790 3086 1975 3158 nihil
2009 3091 2120 3158 est
2146 3110 2311 3160 cum
2340 3111 2643 3160 caesura

403 3205 772 3276 mediana.

506 3320 871 3407 Ceterum,
900 3321 1041 3395 nisi
1074 3344 1206 3417 ego
1231 3321 1475 3409 fallor,
1512 3345 1770 3394 versus
1797 3319 1919 3394 ubi
1955 3319 2277 3417 syllabas
2301 3345 2644 3395 numera-

398 3459 572 3508 mus
600 3461 638 3509 e
676 3439 889 3510 docta
913 3438 1339 3511 Latinorum
1368 3439 1671 3511 metrica
1701 3444 1906 3510 ortus
1930 3444 2043 3509 est
2065 3462 2194 3534 per
2218 3438 2644 3533 quantitatis

398 3553 1059 3642 oblitterationem,
1119 3553 1401 3626 scilicet
1442 3579 1531 3626 ex
1562 3556 1674 3626 his
1706 3554 2104 3649 lyricorum
2147 3555 2486 3627 versibus
2520 3555 2642 3651 qui

397 3693 640 3764 aequo
704 3670 1157 3767 syllabarum
1221 3695 1529 3743 numero
1594 3677 2045 3759 constarent,
2114 3695 2642 3768 caesuramque

397 3786 760 3858 haberent
798 3810 813 3858 :

882 3928 1000 3989 Odi
1031 3932 1374 4008 profanum
1406 3930 1457 4007 Ι
1480 3931 1711 4009 vulgus
1741 3936 1805 3990 et
1835 3949 2020 3992 arceo

775 4106 822 4112 -
966 4094 1007 4121 υ
1037 4095 1078 4123 υ
1241 4107 1288 4113 -
1475 4096 1516 4124 υ
1583 4096 1624 4124 υ
1777 4108 1824 4114 -
1853 4097 1894 4124 υ
1964 4097 2006 4124 υ

719 4151 926 4222 Quam
962 4169 1123 4230 cupe
1160 4155 1171 4229 Ι
1208 4148 1423 4232 rem}
1450 4158 1666 4213 tamen
1704 4153 1714 4230 1
1752 4159 1902 4214 ante
1932 4171 2012 4214 ne
2049 4155 2060 4231 Ι
2098 4171 2317 4216 cem...

940 4244 953 4262 ⁰
1551 4249 1687 4329 (Ea,-
1716 4250 2047 4311 Prudentii
2080 4251 2402 4333 HymniS.)

394 4392 585 4464 Nam
627 4392 805 4465 baec
836 4416 1097 4465 versus
1131 4393 1410 4466 forma:

876 4527 1048 4605 Flete
1077 4546 1219 4618 viri,
1260 4544 1281 4615 l
1314 4546 1531 4624 lugete
1562 4564 1889 4623 procereS,

879 4643 1225 4706 Resolutus
1253 4643 1276 4716 l
1315 4662 1422 4707 rex
1458 4649 1554 4709 est
1587 4645 1648 4702 in
1681 4645 1955 4716 cinereS,
