3616 5887
3132 10 3136 11 ⁷
3159 8 3161 11 ,
3252 8 3309 18 Ὗ,
3331 8 3558 40 affra-s

1895 676 2284 746 ...94-

952 844 1116 894 mus
1196 820 1271 894 in
1333 822 1449 894 his
1523 822 1891 911 versibuS,
1976 822 2089 896 vel
2189 822 2680 920 supponimus
2746 824 3226 898 secundarias

949 959 1317 1011 caesuras,
1382 938 1552 1012 Ideo

1776 1083 2468 1160 1-1-(5—1-4)-=-2

1498 1173 1610 1234 flet
1732 1169 2494 1252 (145)-f-(4-÷-2)

1496 1261 1599 1322 vel
1720 1258 2703 1341 1÷((2-l-3)—÷-4)÷2

1495 1350 1597 1411 vel
1723 1348 2686 1430 1÷((3-1-2)-1-4)÷2

1497 1441 1652 1500 item
1737 1440 2409 1518 2÷(4-=-5)-÷-1

1497 1528 1610 1589 fiet
1691 1528 2438 1609 (244)÷(5-÷-1)

1493 1618 1594 1678 vel
1718 1616 2686 1698 2÷(4-÷-(2-÷-3))-1-1

1491 1705 1595 1767 vel
1715 1706 2682 1787 2÷(4÷(3-÷-2))-1-1

945 1899 1089 1972 Sed
1165 1898 1359 1974 inter
1422 1899 1554 1972 has
1605 1898 2057 1972 variationes
2115 1899 2508 1973 immotum
2551 1900 2688 1973 erit
2749 1900 2883 1972 hoc
2925 1901 3210 1996 princi-

948 2016 1151 2111 pium
1184 2040 1199 2088 :
1235 2039 1703 2114 quocumque
1734 2016 1956 2089 modo
1983 2039 2245 2090 versus
2301 2018 2674 2103 caedatur,
2714 2022 2996 2108 perstat
3036 2041 3212 2089 cae-

953 2155 1127 2206 sura
1151 2132 1630 2220 hemistichii,
1696 2134 1752 2204 si
1822 2155 2176 2206 numerus
2225 2131 2584 2206 classicus
2641 2139 2780 2219 est,
2828 2134 3203 2219 notabiliS‚

952 2247 1014 2321 si
1041 2248 1505 2338 discordanS‚
1552 2248 1796 2321 latens
1833 2273 1848 2337 ;
1918 2255 2197 2345 perstat
2230 2255 2507 2322 tamen.
2563 2250 2728 2322 Non
2769 2250 2967 2322 enim
3008 2274 3206 2324 unus

948 2371 1024 2438 et
1050 2364 1192 2438 sibi
1227 2380 1629 2461 symmetrus
1692 2369 2030 2439 servatur
2093 2389 2382 2455 versuS,
2446 2365 2676 2438 immo
2741 2390 2891 2440 non
2939 2391 3206 2441 versus

946 2489 1087 2571 est,
1125 2482 1269 2555 nisi
1311 2488 1647 2556 centrum
1681 2483 2054 2579 quoddam
2076 2489 2145 2555 et
2172 2482 2606 2556 umbilicum
2634 2482 2900 2556 habeat
2922 2498 3207 2556 servet—

949 2623 1089 2695 que
1124 2626 1144 2687 ς
1193 2597 1334 2672 nisi
1374 2599 1569 2672 circa
1598 2601 1735 2671 hoc
1776 2606 2114 2673 centrum
2143 2598 2245 2672 ita
2284 2600 2734 2697 compositus
2766 2600 2864 2672 sit
2903 2608 2984 2673 ut
3022 2624 3196 2673 cen-

949 2720 1148 2786 trum
1168 2714 1393 2788 lateat
1408 2714 1836 2810 aliquande,
1862 2738 2239 2810 nunquam
2266 2715 2598 2788 tollatur.
2624 2717 2901 2790 Versus
2932 2715 3021 2813 (1)
3044 2739 3198 2790 non

956 2855 1312 2907 numerus
1332 2832 1786 2931 syllabarum
1815 2833 1907 2906 ad
1935 2832 2230 2908 libitum
2259 2855 2554 2910 caesus:
2591 2833 2855 2907 melius
2886 2841 2998 2908 est
3025 2860 3198 2909 eum

919 3025 924 3032 ,
958 2953 1077 3029 vel
1107 2953 1337 3029 nullis
1359 2954 1940 3029 consonantibus
1965 2978 2100 3051 per
2119 2978 2200 3027 se
2230 2959 2424 3027 stare
2448 2979 2678 3028 unum
2699 2953 3196 3051 solidumque.

1050 3169 1172 3242 Sic
1240 3192 1545 3243 caesura
1616 3167 2284 3257 hemistichiorum,
2377 3191 2595 3264 quae,
2675 3168 3188 3261 immutabilis,

948 3284 1327 3359 fastidium
1389 3285 1876 3375 adhibuisset,
1938 3283 2476 3380 perfectissima
2549 3284 2880 3361 omnium
2946 3286 3050 3375 fit,
3113 3292 3197 3361 ut

947 3425 1113 3476 cum
1177 3401 1343 3476 aliis
1412 3402 1663 3498 pausis
1732 3400 2160 3474 discordare
2225 3407 2527 3497 potest3
2611 3426 2915 3477 caesura
2998 3403 3199 3477 enim

945 3518 1393 3592 hemistichii
1452 3519 1787 3592 modeste
1833 3541 1909 3590 se
1949 3516 2153 3590 abdit
2216 3523 2297 3590 ut
2347 3540 2645 3591 omnem
2714 3543 3191 3594 caesurarum

941 3633 1372 3708 varietatem
1430 3634 1803 3722 admittat,
1857 3639 2140 3707 servata
2173 3657 2433 3706 versus
2481 3633 2786 3709 unitate.
2897 3668 2905 3673 ·

1036 3751 1308 3824 Omnes
1349 3751 1699 3825 caedendi
1728 3750 2054 3824 rationes
2085 3773 2270 3846 quae
2310 3773 2460 3822 non
2491 3760 2917 3846 supponunt
2957 3753 3185 3828 hemi-

936 3865 1181 3939 stichii
1238 3890 1647 3954 caesuram,
1694 3890 1785 3938 ne
1817 3865 2047 3938 falsae
2093 3864 2237 3936 sint
2277 3870 2347 3936 et
2386 3863 2818 3938 arbitrariae
2858 3891 3116 3942 caveas
3159 3895 3179 3957 ;

932 3981 1160 4055 vitam
1213 3983 1481 4081 quippe
1522 4007 1781 4056 versus
1820 3981 2221 4077 neglegunt
2261 4003 2281 4068 3
2351 3980 2693 4053 auferunt
2726 3981 2838 4055 illi
2891 3984 3187 4060 innatos

935 4097 1316 4185 articuloS,
1371 4098 1750 4172 naturales
1808 4098 2188 4171 iuncturas
2241 4100 2625 4192 rumpunt,
2694 4105 2765 4171 et
2839 4098 3186 4176 intimum

934 4212 1306 4308 spiritum.
1336 4216 1412 4288 Si
1445 4215 1672 4289 habes
1701 4219 1740 4287 3
1778 4222 1858 4284 -l-
1893 4218 1932 4286 5
1958 4225 2037 4287 -l-
2060 4220 2130 4302 4,
2165 4237 2314 4285 non
2345 4236 2609 4285 versus
2643 4220 2759 4287 est
2790 4216 2934 4288 nisi
2965 4241 3183 4291 aures

931 4331 1003 4400 et
1029 4351 1239 4402 mens
1279 4329 1710 4427 intellegere
1738 4330 2028 4427 possint
2059 4333 2102 4401 3
2130 4337 2210 4420 -l-
2246 4333 2312 4427 (3
2352 4335 2432 4398 -l-
2471 4329 2546 4423 2)
2579 4334 2661 4398 -Ιν-
2686 4336 2728 4402 4
2761 4333 2897 4426 (2).

999 4553 1080 4624 (1)
1109 4554 1385 4611 Maiorem
1415 4553 1540 4611 dico
1572 4569 1810 4610 versum
1840 4554 1940 4624 qui
1969 4552 2218 4624 syllabas
2248 4553 2441 4624 plures
2470 4568 2644 4624 quam
2677 4560 2801 4612 octo
2829 4555 3141 4612 contineat.

998 4641 1074 4715 (2)
1116 4642 1329 4700 Versus
1355 4645 1462 4700 erit
1490 4644 1742 4710 fortasse,
1772 4645 2084 4700 adiuvante
2112 4642 2249 4699 olim
2279 4645 2708 4712 consuetudine,
2740 4645 2836 4702 sed
2862 4645 2938 4702 ita
2967 4651 3030 4702 ut
3057 4646 3189 4703 aliis

926 4731 1181 4790 melioris
1209 4733 1466 4806 rhythmi
1497 4734 1760 4791 versibus
1789 4732 2087 4790 fulciatur.

342 5640 737 5826 W·
801 5640 1464 5826 evae
