3616 5887
52 5796 146 5812 a—..n
178 5804 192 5812 n

388 866 921 937 caesuramque
1001 842 1352 929 mediam,
1418 842 1753 937 quamvis
1822 850 2150 933 tenuem,
2223 846 2644 921 trimetrum

388 983 683 1054 semper
709 960 1008 1031 habere.
1045 961 1125 1030 ln
1168 982 1388 1053 quam
1455 960 1907 1032 sententiam·
1957 960 2267 1057 pedibus
2335 963 2635 1037 ibimus,

382 1076 585 1147 ldem
650 1076 786 1148 hoc
842 1074 1290 1149 excellenter
1359 1074 1742 1164 instituit,
1781 1100 1966 1172 quae
2042 1078 2427 1153 fecundior
2486 1104 2649 1153 esse

385 1192 667 1264 auctori
741 1214 873 1266 suo
921 1192 1287 1287 potuisset
1329 1191 1660 1264 definitio
1725 1216 2128 1289 veramque
2180 1195 2644 1270 alexandrini

387 1306 749 1380 rationem
779 1311 1150 1398 excutere,
1180 1305 1458 1378 scilicet
2677 1304 2688 1312 ‘⁴

472 1536 501 1568 α
548 1515 835 1574 Mesurer
856 1533 944 1574 un
976 1531 1146 1587 vers,
1175 1513 1331 1572 c'est
1362 1516 1651 1590 compter
1701 1519 2110 1576 exactement
2162 1516 2229 1575 le.
2265 1516 2534 1576 nombre
2573 1515 2653 1576 de

383 1602 662 1680 syllabes
689 1602 855 1664 dont
883 1603 929 1662 il
961 1603 1098 1664 doit
1128 1605 1263 1664 etre
1295 1605 1602 1680 compose
1631 1601 1748 1682 (1).
1801 1627 1831 1657 »

483 1832 684 1903 Idem
718 1830 992 1926 optime
1021 1828 1197 1924 quid
1267 1830 1364 1903 sit
1426 1853 1688 1904 versus
1733 1835 2079 1904 accentus
2159 1833 2416 1906 definit
2480 1858 2647 1907 cum

397 1947 577 2020 dicit
613 1953 995 2020 accentum
1023 1945 1100 2016 in
1133 1969 1353 2020 versu
1398 1970 1560 2018 esse
1607 1978 1639 2013 «
1678 1971 1777 2019 un
1839 1954 2091 2021 accent
2148 1949 2272 2044 qui
2347 1974 2653 2045 marque

385 2063 459 2136 la
491 2064 590 2135 fin
621 2064 710 2136 de
736 2068 897 2137 tout
924 2062 1387 2157 assemblage
1422 2062 1510 2135 de'
1557 2069 1752 2135 mots
1783 2063 1920 2136 lies
1951 2089 2082 2159 par
2107 2064 2177 2137 le
2216 2089 2387 2138 sens
2427 2067 2537 2162 (2)
2585 2094 2648 2137 ».

388 2181 591 2254 Idem
625 2186 833 2254 curat
871 2204 965 2253 ne
1013 2178 1427 2253 confundas
1464 2187 1851 2254 accentum
1894 2186 1971 2254 et
2011 2205 2419 2271 caesuram,
2481 2182 2658 2255 dicit

390 2319 771 2369 caesuram
805 2318 967 2366 esse
1007 2325 1038 2361 «
1079 2319 1222 2368 une
1252 2319 1577 2391 coupure
1606 2295 1703 2394 du
1736 2321 1905 2369 vers
1949 2298 2299 2394 produite
2344 2322 2477 2393 par
2528 2298 2657 2371 l'a-

391 2414 824 2484 chevement
867 2438 959 2485 ou
1002 2411 1073 2484 la
1113 2411 1556 2507 suspension
1591 2413 1686 2485 du
1730 2437 1905 2485 sens
1999 2413 2183 2487 dans
2244 2414 2657 2487 l'interieur

393 2529 489 2600 du
517 2534 686 2600 vers
734 2555 803 2614 »,
839 2529 1031 2601 unde
1064 2526 1438 2622 intelligas
1478 2551 1786 2601 caesura
1814 2528 2011 2625 gigni
2046 2538 2456 2619 accentum,
2506 2553 2654 2602 non

391 2659 771 2715 caesuram
827 2648 1162 2715 accentu.
1208 2644 1344 2729 Qui
1387 2667 1553 2716 cum
1604 2644 1977 2716 discernat
2022 2648 2465 2717 secundm-ias
2504 2645 2656 2726 laut

398 2762 666 2830 mobiles
692 2764 816 2831 aut
853 2783 986 2829 non
1026 2763 1446 2830 necessarias
1479 2783 1849 2848 caesuraS‚
1886 2760 2162 2854 optime
2194 2760 2654 2858 admonet(3)

392 2876 524 2948 has
563 2899 905 2950 caesuras
931 2880 1098 2971 post
1133 2883 1412 2949 mutam
1436 2875 1646 2948 verbi
1681 2881 2087 2949 extremam
2122 2876 2382 2950 cadere
2406 2900 2649 2974 posse.

405 2991 611 3077 Quod
646 2991 903 3063 attinet
947 2991 1038 3063 ad
1077 2990 1282 3063 illam
1347 3015 1532 3086 quae
1600 2990 2068 3065 hemistichia
2124 2999 2439 3088 separat,
2496 2995 2654 3066 iure

411 3108 621 3180 docet
667 3107 836 3179 huic
894 3105 1130 3180 subici
1174 3130 1390 3201 posse
1461 3130 1769 3203 pausam
1812 3106 1929 3179 vel
1969 3113 2293 3196 tenuem,
2377 3115 2447 3182 et
2486 3134 2653 3181 cum

404 3222 720 3295 mobiles
795 3228 1142 3297 accentus
1202 3222 1319 3294 vel
1384 3224 1619 3318 magis
1680 3222 1795 3295 vel
1843 3222 2090 3296 minus
2168 3222 2411 3296 valere
2484 3250 2655 3319 pos-

403 3338 553 3411 sint
588 3362 814 3433 quam
846 3338 1162 3426 medius,
1201 3338 1530 3413 medium
1555 3362 1933 3435 nunquam
1962 3346 2211 3413 tamen
2254 3339 2650 3435 exstingui,

400 3461 830 3548 sextamque
876 3478 1137 3527 versus
1163 3453 1520 3552 syllabam
1544 3479 1838 3551 semper
1868 3477 2212 3527 sonoram
2244 3480 2433 3528 esse.
2466 3458 2655 3544 Qua-

401 3592 564 3643 rum
606 3593 853 3642 rerum
887 3570 1082 3666 apud
1121 3569 1338 3642 illum
1405 3575 1781 3644 auctorem
1835 3570 2023 3643 ratio
2085 3576 2373 3645 tantum
2420 3572 2651 3645 deest.

402 3685 628 3758 Nobis
685 3692 930 3758 autem
988 3708 1156 3757 cum
1207 3685 1522 3758 docendi
1561 3691 1810 3759 essent
1866 3685 2212 3782 discipuli
2264 3710 2429 3759 cum
2460 3688 2656 3760 mul-

401 3807 512 3872 tas
554 3824 672 3872 res
730 3806 887 3873 tum
925 3800 1336 3887 metricam,
1370 3802 1548 3897 quid
1620 3801 1768 3899 sint
1846 3825 2149 3875 caesura
2220 3809 2290 3874 et
2367 3827 2653 3889 versuS‚

403 3940 718 4011 cumque
796 3941 1263 4018 nequaquam
1356 3916 1760 3990 concedere
1869 3941 2259 4013 possemus
2344 3918 2656 3991 mobiles

408 4039 755 4105 accentus
795 4037 1172 4104 momento
1206 4034 1562 4128 temporis
1607 4032 1855 4105 stabili
1898 4039 1965 4106 et
2028 4037 2268 4105 certae
2314 4058 2660 4107 caesurae

408 4146 637 4221 fuisse
666 4147 1136 4233 substitutos,
1174 4171 1424 4220 veram
1465 4148 1797 4243 regulam
1840 4154 1911 4221 et
1937 4149 2175 4244 legem
2254 4150 2682 4245 disquirere

409 4262 648 4336 visum
684 4268 815 4335 est.
895 4264 1081 4336 Tum
1117 4261 1332 4334 nobis
1387 4264 1726 4359 apparuit
1796 4263 2146 4335 metricos
2209 4270 2508 4337 nostros
2585 4264 2660 4336 in

480 4521 554 4593 (1)
587 4520 838 4589 Crousle‚
872 4520 1156 4577 Ele'ments
1187 4522 1252 4577 de
1283 4520 1672 4592 Versification
1701 4521 1993 4594 franfaise
2043 4522 2221 4579 Belin.
2255 4493 2413 4590 1893,
2446 4522 2473 4593 S
2502 4522 2587 4579 12.

474 4609 546 4681 (2)
580 4610 689 4677 Id„
720 4610 746 4681 ἓ
773 4611 826 4664 5.

483 4698 560 4770 (3)
591 4699 618 4771 ἓ
641 4699 727 4756 33.
