3616 5887
1939 653 2327 720 —76—

1000 809 1270 906 aliquis
1338 809 1535 882 dicat
1574 804 1882 879 caedere
1949 825 2261 890 versus3
2309 802 2669 879 hiantem
2725 813 3072 882 accentus
3134 809 3274 882 ubi

1002 925 1117 999 vis
1160 931 1359 1011 sunt,
1395 930 1468 998 et
1507 928 1686 1019 quot
1723 920 1835 993 vis
1879 944 1894 992 ε
1939 926 2112 993 sunt
2154 918 2379 1014 igitur
2418 928 2490 995 et
2546 923 2619 995 in
2681 949 2944 1019 prosa3
3001 950 3274 998 accen-

1001 1043 1201 1117 tibus
1241 1040 1526 1116 nullam
1590 1040 1829 1133 legem
1892 1037 2263 1132 imponas.
2330 1038 2611 1126 Quibus
2660 1041 2948 1136 positiS,
2993 1067 3138 1115 vox
3191 1047 3277 1115 ut

1003 1158 1311 1257 paulum
1343 1157 1762 1254 requiescat
1788 1159 2093 1227 accentu
2116 1153 2490 1227 interdum
2519 1156 2958 1245 utitur,cum
2993 1183 3273 1249 sensus

1003 1273 1463 1348 intermissio
1528 1270 1772 1345 minor
1812 1274 1924 1343 est
1961 1292 2183 1366 quam
2243 1276 2616 1364 accentus,
2656 1274 2714 1345 si
2779 1275 2869 1347 ad
2930 1274 3271 1370 requiem

1001 1391 1202 1465 vocis
1246 1394 1565 1488 spectas,
1601 1388 1778 1461 lnde
1820 1411 1967 1460 non
2009 1409 2386 1473 caesurae,
2425 1390 2554 1461 sed
2596 1388 2801 1463 leves
2841 1392 3042 1466 vocis
3082 1416 3265 1488 pau-

1005 1532 1155 1597 sae,
1194 1532 1380 1605 quae
1443 1511 1618 1579 sunt
1682 1504 1893 1599 quasi
1971 1527 2323 1578 caesurae
2378 1505 2738 1597 minoreS,
2786 1514 2859 1581 et
2934 1508 3024 1580 ad
3120 1533 3270 1582 nu-

1002 1647 1292 1700 merum
1320 1648 1467 1697 non
1502 1623 1846 1708 attinent,
1883 1620 2054 1716 quia
2087 1621 2178 1694 ad
2219 1624 2763 1698 numerandum
2807 1648 2957 1698 non
2998 1649 3270 1700 neces-

1003 1743 1288 1826 sariae;
1334 1738 1765 1816 numerabis
1810 1736 2008 1811 enim
2052 1742 2214 1811 octo
2248 1739 2563 1836 syllabas
2625 1747 2650 1813 1
2695 1759 2789 1819 -Ι-
2852 1748 2918 1827 7,
2968 1747 3009 1815 2
3052 1759 3128 1809 —4—
3186 1746 3266 1833 6,

1001 1864 1045 1934 3
1072 1868 1148 1931 ÷
1185 1866 1256 1946 5,
1301 1864 1344 1931 4
1373 1866 1454 1930 -l-
1481 1864 1551 1946 4,
1600 1864 1747 1931 5-1-
1788 1861 1861 1945 3,
1905 1862 2042 1929 etc.
2088 1881 2106 1945 ;
2175 1856 2300 1930 ubi
2338 1863 2721 1931 accentum
2778 1859 2894 1931 vel
2948 1884 3269 1955 pausam

1002 1975 1314 2064 invenit,
1387 1999 1529 2048 vox
1600 1972 1942 2070 quiescit,
1987 1977 2064 2046 ut
2141 1972 2216 2044 in
2299 1998 2545 2070 prosa.
2616 1977 2693 2047 In
2775 1976 2913 2048 hoc
2977 1976 3272 2090 scilicet

1002 2116 1221 2165 versu
1267 2115 1282 2163 ε
3124 2115 3127 2117 ’

1485 2279 1532 2337 Il
1563 2284 1662 2339 est
1685 2278 1991 2337 l'homme
2024 2276 2138 2337 des
2157 2278 2436 2355 utopies,

1003 2510 1149 2559 vox
1180 2486 1576 2581 requiescit
1607 2485 1680 2558 in
1724 2483 2008 2581 syllaba
2061 2483 2250 2580 apici
2303 2486 2713 2582 supposita,
2768 2486 2937 2583 quia
2993 2510 3263 2560 sensus

1001 2602 1460 2679 intermissio
1495 2600 1701 2673 nulla
1737 2601 2120 2696 posthanc
2165 2625 2418 2675 vocem
2454 2630 2469 2674 ε
2517 2603 2854 2675 l'homme.

1101 2719 1244 2791 Sed
1287 2725 1367 2792 ut
1420 2718 1567 2790 iam
1613 2718 1965 2808 diximus,
2012 2717 2289 2791 nullam
2333 2742 2715 2793 caesuram
2759 2719 3260 2793 necessariam

1001 2859 1168 2922 esse
1213 2834 1756 2909 demonstravit
1792 2858 1972 2908 usus
2013 2861 2028 2925 3
2077 2859 2293 2909 aures
2333 2860 2494 2909 sese
2552 2837 2719 2909 huic
2773 2861 3081 2911 numero
3124 2838 3264 2910 ad-

1003 2955 1685 3028 commodaverunt.
1735 2952 2071 3026 Ceterum
2108 2953 2517 3048 antiquitus
2557 2979 2864 3029 caesura
2893 2956 3029 3030 fuit
3070 2979 3265 3051 quae

1003 3071 1310 3144 verbum
1347 3070 1727 3144 terminari
1769 3093 1938 3142 cum
1980 3063 2448 3142 hemistichia
2510 3072 2862 3168 exigeret,
2911 3072 3107 3169 quod
3167 3071 3268 3144 de

1010 3210 1452 3283 unoquoque
1472 3211 1689 3259 versu
1716 3187 1857 3257 dici
1879 3191 2139 3280 potest,
2177 3185 2348 3280 quia
2367 3187 2969 3282 simplicissimus
2997 3170 3266 3261 nume-

1014 3328 1140 3377 rus
1164 3310 1236 3377 et
1254 3303 1823 3399 antiquissimus
1847 3302 1982 3375 fuit
2002 3310 2297 3374 versum
2325 3301 2397 3375 in
2418 3303 2883 3378 hemistichia
2903 3305 3261 3400 separari.

1014 3422 1093 3492 In
1126 3419 1276 3493 vita'
1328 3420 1752 3515 Leodegarii
1799 3442 2105 3492 caesura
2144 3420 2292 3492 fere
2336 3443 2628 3518 semper
2665 3421 2739 3492 in
2781 3421 3028 3494 medio
3062 3444 3078 3492 :

1490 3619 1760 3678 Domine
1785 3618 1942 3678 Dieu
1978 3617 1991 3697 Ι
2029 3618 2290 3677 devems
2317 3617 2497 3677 loder

1492 3719 1566 3777 Et
1594 3736 1633 3777 a
1654 3733 1941 3796 sossans
1977 3717 1988 3795 Ι
2026 3717 2235 3776 honor
2263 3721 2485 3793 porter

1492 3818 1583 3875 En
1616 3833 1727 3875 soe
1765 3833 1947 3874 amor
1984 3816 1995 3892 Ι
2033 3820 2323 3874 cantoms
2355 3814 2494 3874 dels
2525 3833 2678 3875 sans

1497 3915 1615 3986 Qui
1647 3932 1766 3993 por
1807 3912 1898 3972 lui
1930 3931 1969 3972 a
2005 3913 2013 3991 Ι
2054 3919 2241 3973 vrent
2271 3932 2465 3990 granz
2492 3903 2651 3974 aans
2686 3931 2701 3989 ;

1486 4014 1562 4072 Et
1589 4031 1663 4082 or
1689 4015 1788 4071 est
1820 4018 2030 4088 temps
2069 4011 2077 4089 Ι
2118 4017 2180 4072 et
2212 4013 2264 4071 si
2293 4018 2390 4071 est
2424 4012 2606 4075 biens

1486 4111 1620 4182 Que
1654 4127 1772 4169 nos
1805 4114 2098 4169 cantoms
2137 4112 2147 4186 Ι
2185 4108 2264 4168 de
2310 4109 2483 4168 saint
2514 4109 2806 4188 Ledgier.

1859 4216 2079 4296 (Texte
2113 4217 2192 4276 de
2220 4218 2289 4277 G.
2326 4218 2532 4289 PARIS,
2569 4217 2901 4293 Romania,
2935 4223 2982 4280 t.
3015 4218 3136 4298 10‘.)

1005 4427 1351 4516 Quaestio
1382 4442 1496 4502 est
1533 4432 1827 4503 tantum
1858 4430 1947 4501 de
1977 4435 2241 4524 quarto
2275 4453 2524 4503 versu.
2560 4430 2782 4503 Nulla
2807 4427 3270 4514 intermissio

1009 4556 1275 4625 sensus
1316 4557 1484 4622 cum
1521 4551 1806 4638 quarta,
1855 4569 1988 4621 nec
2030 4544 2199 4647 finis
2260 4546 2494 4618 verbi.
2555 4547 2818 4626 Utrum
2882 4564 3272 4631 caesuram

1005 4664 1175 4761 post
1212 4662 1313 4735 lui
1350 4682 1442 4731 an
1483 4664 1664 4759 ,post
1714 4684 1757 4732 a
1796 4661 2063 4755 (vrent)
2101 4659 2355 4733 dices?
2420 4662 2569 4764 Ego
2611 4665 2779 4761 post
2819 4660 3138 4745 tertiam,
3196 4661 3274 4751 si
