3616 5887
91 984 92 987 „
91 570 98 947 ῂήὴ-νρ

91 1161 99 1290 *v—v-v-

1286 630 1674 702 ...77-

325 808 637 861 versum
716 780 1071 881 scriptum
1124 783 1580 872 considerem,
1629 806 1761 856 nec
1802 791 2206 860 cantatum.
2290 781 2477 861 Nam
2538 750 2600 861 si

328 905 504 999 post
544 928 588 973 a
630 902 704 974 in
738 913 978 973 avrent
1015 923 1394 973 caesuram
1424 898 1665 994 posita
1697 907 1920 989 esset,
1966 927 2096 976 cur
2139 904 2212 975 in
2256 904 2592 1002 decasyl-

336 1018 587 1094 labico
635 1040 941 1091 caesura
982 1040 1273 1113 semper
1313 1022 1479 1112 post
1522 1017 1829 1089 verbum
1874 1042 2040 1091 cum
2092 1026 2312 1093 sen's'u
2370 1022 2600 1093 inter·

331 1134 760 1208 missione?
816 1133 1211 1227 Nunquam
1256 1130 1361 1205 sic
1404 1139 1986 1207 numeraverunt
2026 1140 2284 1230 poetae
2325 1136 2593 1209 nostri.

321 1248 540 1322 Adde
584 1246 1138 1345 decasyllabum
1176 1247 1382 1321 caedi
1411 1251 1579 1343 post
1608 1253 1982 1343 quartum,
2031 1254 2233 1323 muta
2263 1272 2413 1323 non
2452 1259 2594 1324 nu'·

335 1370 625 1438 merata
661 1391 680 1437 :
2582 1369 2588 1390 '

827 1529 894 1590 Si
920 1532 1020 1590 ert
1042 1485 1360 1591 credance
1394 1527 1408 1607 1
1446 1527 1606 1589 dont
1632 1546 1706 1589 or
1731 1528 1819 1588 n'i
1851 1534 1917 1589 at
1958 1529 2073 1590 nul
2101 1535 2270 1611 prot.

1472 1634 1550 1715 (A
1566 1634 1744 1711 lexis,
1800 1637 1995 1697 Texte
2027 1636 2106 1698 de
2139 1638 2210 1698 G.
2242 1638 2480 1718 PAms.)

333 1814 551 1902 Quod
591 1811 653 1886 si
686 1818 1067 1886 accentum
1104 1836 1236 1909 pro
1286 1835 1592 1885 caesura
1620 1810 2008 1885 habuisset
2041 1819 2262 1909 poeta
2305 1837 2453 1885 non
2493 1836 2604 1884 re-

333 1929 823 2027 pugnavisset
856 1928 1161 2002 caedere
1192 1932 1437 2001 credan
1484 1931 1494 2026 Ι
1540 1954 1634 2017 ce,
1676 1930 1813 2001 hoc
1850 1930 2069 2001 modo
2189 1934 2207 1970 ¹
2327 1921 2331 1925 ⁵

805 2097 899 2190 kSi
931 2102 1028 2157 ert
1051 2098 1286 2159 credan
1326 2097 1335 2175 Ι
1372 2115 1443 2165 ce
1477 2097 1635 2157 dont
1667 2096 1752 2155 n’i
1780 2102 1846 2157 at
1870 2097 1995 2157 nul-
2023 2102 2194 2176 prot,

334 2274 453 2371 cuj
471 2297 555 2347 us
597 2295 949 2377 caesurae
983 2296 1131 2346 non
1166 2295 1393 2346 unum
1429 2271 1852 2345 invenimus
1889 2271 2346 2370 exemplum.
2380 2271 2592 2360 Quod

341 2398 594 2466 autem
638 2414 787 2464 non
826 2390 1098 2465 dixerit
1132 2416 1147 2464 :

829 2558 894 2618 Si
927 2558 1243 2621 credance
1281 2558 1290 2638 Ι
1328 2559 1426 2619 fut
1458 2558 1614 2618 dont
1644 2558 1723 2617 n'i
1748 2563 1814 2620 at
1848 2559 1956 2619 nul
1988 2564 2160 2637 prot,

342 2732 484 2805 hoc
550 2730 951 2805 concludas
1014 2737 1300 2805 tantum
1367 2740 1657 2829 poetam
1708 2739 1879 2805 ante
1937 2756 2316 2805 caesuram
2379 2731 2602 2829 sylla«

342 2844 536 2947 ham'.
570 2871 945 2937 sonoram,
990 2872 1137 2921 non
1198 2854 1507 2934 mutam,
1552 2848 1925 2937 voluisse;
1971 2849 2043 2920 ni
2089 2848 2385 2941 mirum,
2434 2848 2604 2943 quia

347 2972 554 3041 muta
577 2990 725 3038 non
765 2966 1084 3040 auditur.
1116 2967 1350 3039 Immo
1384 2965 1771 3062 popularia
1794 2965 2126 3039 carmina
2157 2967 2373 3055 etiam
2408 2991 2602 3044 nunc

350 3089 632 3156 mutam
664 3107 809 3155 non
853 3088 1286 3156 numerant:

834 3254 884 3311 A
914 3251 1549 3330 chaq'pomm‘Babet
1580 3270 1647 3311 se
1672 3251 1994 3312 haussait.

348 3426 578 3500 Nulla
633 3410 779 3498 alia
819 3450 1041 3499 causa
1081 3427 1216 3498 fuit
1270 3449 1401 3498 cur
1469 3436 1674 3498 muta
1727 3449 1875 3500 non
1951 3431 2468 3507 numeraretur
2528 3426 2603 3502 in

351 3528 685 3616 caesura.
748 3543 892 3616 Sed
933 3542 1108 3614 haec
1145 3540 1603 3615 enucleatius
1647 3542 1738 3612 de
1780 3539 2318 3636 decasyllabico
2353 3562 2598 3613 versu.

361 3659 366 3667 ”
460 3659 604 3732 Cur
682 3665 928 3733 autem
989 3657 1196 3730 nulla
1236 3659 1308 3729 in
1373 3656 1903 3752 octosyllabico
1983 3657 2335 3729 caesura?
2395 3656 2601 3752 Quod

352 3761 663 3849 caesura
715 3782 864 3849 tam
904 3774 1243 3848 brevium
1293 3797 1643 3847 versuum
1696 3773 1772 3844 in
1816 3773 2048 3845 frusta
2099 3771 2323 3844 nimis
2382 3795 2604 3868 parva

349 3893 958 3990 proscinderetur
996 3915 1279 3987 poema,
1318 3914 1503 3986 quae
1532 3914 1678 3962 non
1715 3890 2017 3962 ferenda
2049 3893 2295 3961 essent
2331 3887 2425 3960 ob
2466 3888 2602 3960 fas-

347 4002 645 4082 tidium.
710 4008 879 4082 Ideo
952 4031 1278 4097 caesura,
1352 4007 1413 4079 si
1460 4031 1603 4102 qua
1667 4012 1890 4098 esset,
1956 4005 2602 4101 variandaquam

354 4124 678 4198 'maxime
698 4146 717 4211 ;
747 4123 914 4198 ideo
946 4123 1177 4197 nulla.

972 4363 1063 4409 DE
1114 4359 1688 4408 DECASYLLABICO
1739 4358 1973 4409 VERSU
1986 4392 2000 4405 .

460 4524 1052 4622 Decasyllabicus
1098 4522 1489 4596 undecimo
1547 4487 1847 4594 saeculo
1893 4519 2605 4616 constitutus'ap'p'a-

363 4652 500 4717 ret.
556 4642 692 4731 Qui
746 4640 1306 4714 dissimillimus
1366 4638 1902 4734 octosyllabici‚
1972 4636 2165 4732 quod
2231 4647 2607 4708 caesuram
