3616 5887
1334 719 1727 789 ...47—

408 899 553 949 nec
604 897 752 948 non
778 871 1027 985 elegos
1059 875 1136 944 et
1170 869 1459 943 iambos
1491 866 1745 965 lyricis
1772 867 2019 941 modis
2050 868 2653 945 modulaverunt.

407 990 625 1078 Quod
666 953 912 1063 autem
939 985 1443 1061 lesbianorum
1495 984 1897 1081 lyricorum
1938 985 2323 1117 proprium
2364 992 2506 1076 est,
2553 987 2665 1060 in-

410 1104 616 1179 venti
644 1112 820 1179 sunt
845 1101 1065 1177 metri
1095 1101 1208 1174 illi
1235 1124 1422 1197 quos
1451 1102 1819 1194 loqaedicos
1843 1106 2134 1187 vocant,
2167 1101 2291 1198 qui
2319 1103 2664 1177 trochaeo

408 1219 792 1318 dactylum
832 1216 1289 1293 consociant.
1326 1215 1686 1289 Convenit
1713 1220 1960 1290 autem
1992 1216 2189 1290 inter
2239 1241 2496 1291 omnes
2528 1217 2667 1291 hoc

415 1343 754 1433 tempore
786 1332 1135 1410 metricae
1176 1328 1282 1405 r‘ei
1353 1331 1631 1429 peritos
1684 1330 1761 1404 in
1810 1331 1926 1405 his
1982 1335 2345 1425 loqaedicis
2408 1332 2665 1406 metris

415 1450 794 1549 dactylum
836 1452 1412 1546 trochaeumque
1469 1471 1602 1545 pro
1675 1447 1932 1543 aequis
2000 1448 2465 1545 temporibus
2536 1448 2671 1523 ad-

415 1567 642 1647 mitti.

516 1685 716 1769 Inter
797 1683 1143 1782 strophas
1188 1706 1373 1780 quae
1429 1680 1752 1755 maxime
1799 1680 2243 1771 floruerunt,
2314 1679 2664 1779 sapphica

414 1805 494 1874 et
530 1800 831 1889 alcaica,
889 1821 1037 1873 non
1090 1799 1307 1874 aliter
1334 1822 1554 1896 quam
1592 1801 1892 1871 nostrae
1936 1786 2388 1894 compositae
2459 1801 2659 1871 sunt.

419 1916 785 2014 Sapphica
827 1916 1062 1990 tribus
1094 1916 1349 2012 aequis
1376 1914 1743 2001 versihuS,
1771 1915 2026 2010 aequis
2055 1913 2394 2011 pedibuS‚
2427 1921 2497 1989 et
2530 1936 2677 1987 uno
2779 2001 2784 2007 .

418 2032 738 2120 minore,
810 2033 1080 2107 iisdem
1180 2028 1567 2106 elementis
1621 2030 2398 2122 constante3alca‘1‘ca
2435 2029 2673 2139 tribus

425 2172 581 2223 non
621 2148 903 2246 aequiS,
950 2148 1214 2223 iisdem
1239 2153 1485 2222 autem
1520 2146 1940 2222 elementis,

521 2265 653 2338 His
679 2271 927 2339 autem
967 2272 1039 2339 te
1069 2265 1450 2339 attendere
1480 2264 1875 2363 praecipue
1902 2264 2125 2338 velim
2162 2288 2179 2339 τ

530 2387 596 2452 1“’
660 2380 737 2454 Si
801 2380 896 2454 ad
950 2381 1309 2455 musicam
1352 2385 1664 2477 sp‘ectas,
1713 2380 2107 2477 rhythmus
2156 2381 2347 2478 apud
2403 2380 2679 2479 lyricos

424 2496 834 2593 aequalitas
875 2503 1027 2588 est3
1072 2520 1335 2571 versus
1374 2497 1573 2570 enim
1602 2496 1822 2570 aliter
1849 2520 1996 2572 non
2030 2498 2374 2595 aequales
2405 2497 2681 2595 lyricus

422 2622 826 2687 concentus
866 2618 1131 2709 aequat
1164 2639 1182 2685 ε
1232 2612 1518 2686 metrici
1561 2614 1758 2688 enim
1799 2614 2143 2709 aequales
2184 2614 2458 2688 habent
2495 2616 2682 2689 duos

421 2752 687 2803 versus
747 2751 1060 2824 quorum
1104 2730 1232 2803 uni
1274 2754 1400 2826 pes
1448 2728 1800 2804 dimidius
1846 2730 2355 2820 subtrahitur3
2417 2729 2683 2826 quibus

419 2844 736 2919 alcaicae
780 2847 1128 2943 strophae
1173 2853 1520 2942 quattuor
1557 2871 1816 2921 versus
1859 2847 2290 2945 aequalibus
2352 2846 2716 2922 numeris'

427 2963 1007 3037 constituuntur.
2081 3061 2082 3066 Ἰ

535 3085 609 3151 2⁰
663 3079 1098 3153 Procedenti
1128 3083 1460 3177 tempore
1501 3080 1756 3155 Graeci
1791 3082 2089 3178 saepius
2120 3087 2516 3155 numerant
2536 3081 2686 3180 syl-

432 3195 636 3270 labas
668 3223 689 3287 ς
726 3221 895 3270 nam
944 3196 1005 3268 si
1044 3220 1306 3270 versus
1348 3196 1646 3292 quidam
1686 3222 1834 3271 non
1891 3200 2152 3272 eodem
2190 3221 2501 3273 numero
2541 3198 2685 3295 syl·

438 3311 775 3386 labarum
802 3312 1189 3408 compositi
1212 3336 1345 3408 pro
1368 3313 1623 3408 aequis
1642 3313 2034 3404 habentur,
2064 3314 2191 3387 alii
2218 3315 2371 3388 sere
2397 3338 2690 3410 semper

437 3435 637 3504 certo
656 3427 1108 3525 syllabarum
1133 3453 1439 3504 numero
1466 3437 1836 3522 constant,
1865 3436 1943 3505 ut
1964 3431 2088 3527 qui
2114 3432 2492 3528 stropham
2525 3455 2687 3529 sap-

439 3545 729 3641 phicam
764 3549 835 3618 et
874 3545 1226 3619 alcaicam
1292 3546 1775 3644 constituunt.
1842 3549 1922 3620 In
1991 3547 2156 3644 ipso
2223 3553 2687 3643 pentametro

442 3662 616 3756 quid
649 3670 763 3736 est
786 3661 862 3734 in
885 3661 1113 3757 priori
1137 3667 1342 3758 parte
1381 3663 1567 3737 duos
1598 3687 1890 3760 semper
1918 3649 2695 3760 dactylos'requirere,

443 3778 586 3852 nisi
607 3784 890 3852 certum
923 3777 1379 3877 syllabarum
1406 3803 1797 3853 numerum
1836 3781 2287 3866 desiderare,
2333 3803 2503 3853 nam
2536 3803 2684 3853 non

443 3895 589 3968 nisi
629 3894 1082 3992 syllabarum
1125 3918 1434 3970 numero
1478 3895 1831 3970 differunt
1867 3899 2012 3971 duo
2070 3895 2341 3993 dactyli
2404 3903 2476 3970 et
2543 3897 2688 3971 duo

445 4012 783 4107 spondei.
822 4011 928 4084 Ad
967 4011 1106 4084 hoc
1138 4011 1462 4106 syllabas
1497 4015 1959 4102 numerabat,
2003 4019 2081 4087 ut
2128 4013 2472 4108 augurari
2526 4037 2690 4109 pos-

446 4151 733 4217 sumuS,
797 4127 1177 4225 popularis
1263 4131 1762 4203 Romanorum
1833 4129 2138 4202 metrica
2202 4134 2272 4202 et
2343 4129 2691 4240 Horatius

446 4265 664 4339 saepe
724 4242 1089 4316 incertum
1133 4242 1585 4340 syllabarum
1662 4270 2057 4320 numerum
2117 4251 2315 4317 certo
2381 4267 2689 4318 numero

411 4364 681 4433 ‘mutat
712 4384 939 4455 quum
979 4381 1321 4453 graecum
1364 4368 1684 4436 metrum
1725 4364 1818 4436 ad
1861 4363 2130 4435 latinos
2170 4384 2347 4435 usus
2408 4383 2690 4435 accom-

443 4475 722 4548 modat.
