3616 5887
1273 767 1277 773 .
1352 736 1452 767 .-
1510 678 1848 814 ιρι-ς’
1922 653 1928 660 ⁵

453 856 917 933 intermissio
943 880 1094 929 non
1130 855 1328 929 tollit
1376 839 1832 929 hemistichii
1867 877 2094 931 caesu:

452 972 599 1045 non
640 964 841 1069 prius
871 972 1216 1047 inventus
1259 976 1372 1048 est
1406 961 1936 1071 alexand-rinus
1989 996 2094 1073 qu:

453 1114 601 1162 sus,
664 1089 899 1176 Quom
942 1087 1140 1161 enim
1172 1088 1488 1183 legimus
1532 1087 1605 1158 in
1649 1086 1951 1159 Racinio
1987 1087 2090 1161 -hu

610 1278 708 1339 Ma
739 1277 868 1338 fille
900 1275 996 1339 1.'..
1028 1285 1055 1347 u
1086 1277 1177 1337 En
1208 1277 1529 1338 achevant
1564 1274 1575 1355 Ι
1612 1292 1719 1336 ces
1747 1279 1931 1358 mets·
1948 1279 2094 1355 epm

446 1481 827 1578 ⁴caedimus
866 1483 942 1556 in
984 1481 1479 1570 hemistichia,
1517 1482 1855 1577 quamvis
1885 1480 2090 1555 'maio

455 1603 790 1673 occurrat
813 1607 978 1697 post
1006 1602 1184 1674 haec
1209 1599 1434 1673 verba
1475 1617 1493 1670 'z
1539 1603 1648 1672 Ma
1670 1601 1835 1687 fille.
1901 1600 1979 1672 ln
2021 1599 2094 1673 ill

457 1714 843 1789 citavimus
881 1742 899 1788 ε

619 1913 705 1973 La
736 1912 1055 1975 duchesse
1078 1915 1233 1975 etait
1260 1930 1413 1974 suer
1438 1914 1729 1985 Bertain;
1756 1912 1977 1991 quand
2003 1879 2088 1993 j'e

458 2119 667 2212 nulla
703 2125 813 2192 est
854 2129 1084 2216 pausa
1143 2120 1265 2193 ubi
1315 2145 1455 2193 vox
1506 2119 1622 2194 vel
1673 2118 2066 2193 minimum

347 2244 351 2249 ’
458 2236 681 2310 Guius
717 2234 1009 2319 similis,
1054 2242 1135 2311 ut
1166 2236 1346 2324 dixi,
1383 2235 1637 2310 nullus
1663 2235 1739 2307 in
1773 2235 2094 2323 Racini0,

460 2354 548 2425 de
572 2350 1339 2445 Fouquieresinillius
1368 2352 1828 2449 poematibus
1856 2350 2094 2424 circite

458 2492 717 2540 versus
791 2467 1118 2540 inveniat
1192 2469 1314 2562 qui
1375 2469 1663 2564 possint
1735 2470 2090 2541 romantic

351 2608 356 2612 ·
462 2589 501 2656 3
539 2593 620 2656 -l-
656 2590 695 2657 5
738 2589 912 2670 ÷4‚
961 2590 1361 2658 44543
1404 2585 1568 2681 (has
1641 2585 1837 2686 enim
1915 2608 2085 2657 scan

460 2700 641 2772 ticas
683 2701 970 2795 credit).
1018 2701 1160 2773 Sed
1207 2697 1472 2775 horum
1534 2724 1885 2775 versuum
1954 2700 2083 2774 nul

466 2816 923 2890 hemistichia
967 2828 1277 2911 nequeat
1330 2817 1560 2889 caedi.
1600 2817 1731 2889 Hic
1763 2817 1959 2889 enim
1995 2842 2011 2888 :

620 3006 1037 3095 Quelquefois
1070 3007 1191 3067 elle
1223 3006 1474 3085 appelle
1506 2990 1729 3067 Oreste
1756 3012 1794 3067 a
1824 3025 1939 3066 son
1973 3024 2094 3067 sec«

461 3236 882 3309 quanquam
908 3236 1055 3285 non
1098 3213 1484 3309 potest-sic
1518 3213 1770 3286 scandi
1831 3237 1850 3285 τ

621 3391 1035 3469 Quelquel'ois
1060 3390 1180 3451 elle
1209 3391 1461 3470 appelle
1490 3391 1517 3472 ΙΙ
1547 3391 1770 3453 Oreste
1797 3398 1836 3451 a
1875 3410 1993 3451 son
2018 3409 2094 3452 se·

464 3597 598 3670 hoc
635 3598 854 3669 modo
895 3599 1289 3671 scandetur
1328 3620 1344 3670 :

622 3778 1040 3856 Quelquefois
1085 3777 1204 3840 elle
1235 3779 1483 3858 appelle
1521 3779 1531 3858 Ι
1570 3779 1795 3841 Oreste
1825 3787 1854 3850 ΙΙ
1884 3783 1922 3840 a
1953 3797 2071 3840 son

470 4010 673 4083 Unde
738 4034 884 4083 non
967 4011 1300 4106 sequitur
1387 4018 1466 4085 ut
1568 4014 2094 4086 scandatur3-

468 4150 779 4199 caesura
815 4127 1261 4199 hemistichii
1306 4133 1610 4224 perstat,
1644 4128 1982 4220 quamvis
2058 4134 2094 4201 t<

465 4244 720 4315 cordet
758 4266 925 4317 cum
962 4242 1129 4315 aliis
1189 4268 1451 4318 sensus
1511 4244 2094 4319 intermissionih

540 4514 619 4586 (1)
658 4516 825 4572 Hunc
880 4516 1210 4573 invenimus
1249 4517 1307 4573 in
1363 4519 1521 4575 Jacot
1571 4518 1641 4575 de
1671 4519 1887 4588 Forest‚
1918 4519 1991 4574 Le
2027 4532 2092 4573 ro

465 4602 634 4675 (Bibl.
661 4610 801 4673 nat„
832 4604 908 4662 fs.
937 4605 1016 4664 fr.
1056 4605 1215 4673 1457,
1249 4607 1295 4663 f⁰
1326 4607 1412 4675 99)
1456 4623 1471 4662 ε

716 4720 815 4780 Qui
839 4724 1012 4783 mont,
1041 4725 1215 4786 quant
1242 4722 1278 4772 il
1310 4722 1387 4786 (Ρ)
1423 4723 1478 4774 0‘1‘
1507 4727 1713 4787 conter,
1744 4724 1783 4774 li
1813 4724 2040 4775 anuioit.
