3616 5887
1310 651 1697 720 -29—

359 807 809 880 assonantes
851 801 1075 897 igitur
1123 800 1482 895 poematis
1529 800 1767 873 nostri
1823 801 1911 874 de
1960 801 2295 877 Rolando
2357 827 2619 877 conso-

360 920 715 997 nantibus
750 918 902 993 illis
935 916 1261 992 antefero
1301 917 1569 1014 quibus
1612 941 1790 992 usus
1824 925 1937 992 est
1974 919 2167 993 vitae
2198 920 2626 1017 Leodegarii

359 1044 655 1114 auctor.

344 1245 350 1253 ⁸
455 1257 908 1336 Assonantia
931 1255 1155 1354 igitur
1189 1252 1589 1351 antiquiori
1623 1255 2223 1351 poesisufficiunt
2241 1281 2426 1355 quae
2462 1283 2623 1332 ver-

369 1403 494 1453 sus
523 1376 855 1473 singulos
887 1374 1109 1461 canit,
1149 1372 1270 1448 ubi
1313 1374 1762 1447 concordant
1801 1374 2192 1472 rhythmus
2227 1379 2297 1448 et
2330 1366 2620 1449 sensus,

364 1492 909 1571 Assonantibus
933 1490 1130 1565 enim
1152 1489 1493 1564 subvenit
1513 1490 2038 1588 interpuncti0,
2061 1495 2133 1564 et
2153 1491 2283 1564 illa
2309 1515 2491 1588 quae
2515 1498 2629 1566 est

359 1614 437 1687 in
467 1594 816 1698 dictione,
853 1615 924 1683 et
955 1607 1089 1682 illa
1130 1631 1314 1705 quae
1353 1606 1428 1680 in
1461 1614 1705 1682 can-tu.
1736 1607 2028 1681 Sensim
2051 1613 2295 1682 autem
2319 1632 2626 1705 progre-

323 1722 627 1804 ¹diendo
665 1726 911 1826 poesis
957 1749 1041 1801 eo
1091 1725 1429 1822 pervenit
1459 1730 1540 1800 ut
1581 1750 1729 1799 non
1770 1725 1913 1799 iam
1955 1749 2213 1800 versus
2251 1732 2321 1799 et
2356 1749 2621 1800 sensus

355 1847 917 1934 concordarent,
951 1844 1264 1940 ideoque
1309 1839 1663 1942 praetulit
1697 1848 2191 1918 consonantes
2214 1868 2232 1936 ;
2258 1868 2441 1940 quae
2466 1844 2622 1940 qui-

360 1966 528 2039 dem
576 1988 742 2039 cum
788 1963 1002 2036 binae
1048 1961 1604 2050 adhiberentur,
1632 1960 2037 2035 itascilicet
2066 1961 2322 2036 utbini
2364 1983 2623 2036 versus

319 2083 325 2091 '
362 2085 883 2168 consonarent,
916 2080 1006 2153 ad
1045 2080 1184 2151 hoc
1212 2078 1621 2153 invitabant
1661 2086 1738 2154 ut
1780 2085 1853 2152 et
1878 2065 2100 2153 sensu
2130 2078 2624 2175 religarentur

356 2200 433 2274 hi
474 2223 737 2274 versus
779 2197 961 2271 bini.
1037 2197 1245 2284 Quod
1289 2195 1350 2270 si
1413 2197 1591 2270 haec
1646 2197 1792 2271 duo
1842 2202 2184 2295 poemata
2243 2218 2621 2295 compara·

357 2317 582 2405 veriS,
621 2314 953 2393 invenies
984 2313 1058 2386 in
1093 2313 1243 2387 vita
1281 2313 1708 2409 Leodegarii
1747 2338 2008 2388 versus
2030 2337 2195 2389 cum
2237 2338 2460 2388 sensu
2485 2312 2621 2386 mi-
2723 2398 2728 2403 ,

362 2459 504 2509 nus
571 2433 1020 2507 concordare
1067 2455 1307 2527 >quam
1382 2430 1458 2503 in
1516 2429 1881 2505 Rolando.
1947 2433 2118 2505 ldeo
2186 2454 2328 2528 quo
2389 2430 2622 2527 magis

364 2550 817 2627 discordabit
868 2573 1126 2635 versus
1192 2572 1355 2623 cum
1400 2571 1651 2636 sensu,
1719 2572 1864 2644 quo
1905 2549 2139 2646 magis
2183 2548 2547 2622 sententia
2584 2572 2622 2620 e

358 2668 690 2766 rhythmi
723 2666 1038 2740 vinculis
1073 2690 1234 2740 sese
1253 2665 1620 2764 expediet,
1657 2688 1742 2740 eo
1772 2666 2001 2740 artior
2020 2667 2158 2739 erit
2187 2664 2619 2739 ultimarum

358 2785 792 2860 consonatio
863 2783 1339 2881 syllabarum,
1385 2788 1483 2873 et,
1539 2791 1620 2856 ut
1683 2782 1965 2874 dicunt,
2025 2808 2110 2857 eo
2168 2786 2405 2856 ditior.
2477 2779 2624 2857 Cur

355 2910 603 2979 autem
645 2901 834 2976 hoc?
885 2902 990 2975 Ne
1020 2901 1337 2989 dubites,
1371 2899 1541 2997 quia
1575 2899 1810 2998 magis
1849 2901 2142 2975 firmare
2192 2901 2619 2999 rhythmum

357 3045 667 3095 necesse
729 3026 865 3110 est,
928 3043 1146 3116 quem
1185 3019 1509 3093 ambitus
1558 3043 1808 3093 secum
1868 3019 2092 3092 nimis
2147 3020 2470 3093 auferret
2520 3018 2623 3091 ita

359 3137 945 3212 dissimulatum.
1004 3138 1090 3211 Et
1148 3136 1432 3210 ultimis
1492 3136 1726 3214 artius
1797 3135 2403 3226 consonantibuS‚
2462 3135 2621 3209 lon-

354 3257 598 3353 giores
630 3255 802 3329 illae
845 3255 1192 3350 strophae
1234 3255 1516 3344 decem,
1559 3254 1819 3349 viginti
1840 3278 2215 3339 versuum,
2252 3276 2435 3349 quae
2471 3276 2617 3327 uno

353 3396 538 3447 sono
566 3371 1002 3445 terminatos
1032 3371 1307 3446 habent
1333 3394 1621 3459 versuS‚
1665 3371 2132 3461 exolescunt3
2169 3370 2323 3444 bini
2356 3394 2616 3444 versus

353 3491 503 3564 iam
540 3514 734 3564 nunc
774 3495 1188 3562 consonant
1219 3512 1235 3560 :
1303 3487 1474 3561 inde
1507 3494 1908 3568 renovatur
1938 3489 2354 3585 rhythmuS,
2399 3487 2617 3580 alter-

359 3607 709 3708 nantibus
739 3606 972 3693 soniS,
1009 3606 1182 3679 inde
1224 3629 1512 3695 rursus,
1549 3606 1744 3701 quod
1775 3628 2070 3702 semper
2101 3604 2504 3702 quaeritur,
2541 3604 2616 3677 in

358 3726 668 3815 unitate,
706 3723 782 3797 in
826 3722 1314 3797 similitudine
1352 3722 1698 3798 varietaS.

427 3991 430 3996 ·
460 3956 907 4053 Temporum
935 3961 1181 4031 autem
1210 3956 1634 4031 evolventes
1677 3956 1947 4031 seriem
1984 3954 2324 4030 videmus
2362 3956 2608 4053 rhyth-

293 4107 296 4109 ’
355 4073 622 4147 micam
685 4078 920 4147 artem
979 4097 1212 4169 usque
1255 4073 1347 4147 ad
1399 4073 1776 4149 saeculum
1836 4080 2174 4148 octavum
2241 4060 2610 4146 decimum

352 4190 660 4263 minime
700 4189 1105 4287 profecisse
1154 4218 1168 4262 :
1244 4193 1693 4266 concordant
1754 4196 1912 4264 tum
1953 4214 2214 4264 sensus
2266 4195 2338 4263 et
2405 4188 2616 4262 disti-

351 4309 596 4395 chon,
666 4330 798 4379 nec
836 4311 986 4379 tam
1023 4310 1208 4380 dives
1256 4308 1685 4382 ultimarum
1737 4308 2167 4382 consonatio
2226 4326 2441 4403 quam
2500 4312 2615 4377 est

349 4424 603 4497 hodie.
643 4423 788 4497 Cur
819 4430 1065 4496 autem
1100 4430 1249 4496 tam
1289 4428 1474 4497 dives
1510 4427 1700 4499 facta
1727 4433 1839 4500 est
1878 4433 2213 4527 ὁμοφωνίας
2249 4422 2444 4520 apud
2479 4423 2613 4495 hos

361 4556 616 4647 poetas
659 4572 840 4647 quos
881 4550 1332 4624 romanticos
1371 4553 1772 4627 vocamus?
1836 4551 2019 4640 Quia
2075 4549 2462 4625 classicam
2501 4547 2615 4621 illi

361 4666 781 4766 periodum,
851 4691 1034 4765 quae
1084 4668 1401 4744 duorum
1460 4677 1616 4745 erat
1669 4691 2042 4761 versuum,-
2106 4668 2609 4759 disiecerunt3
