3616 5887
279 3424 345 3447 ρ

1336 644 1724 713 -95-

562 816 731 877 Ruth
764 815 1059 894 songeait
1107 814 1137 896 ΙΙ
1183 821 1247 876 et
1286 816 1448 877 Booz
1486 819 1496 893 Ι
1534 816 1844 894 dormait;
1895 813 1925 897 ΙΙ
1978 815 2223 876 l'herbe
2245 814 2401 875 etait
2427 811 2640 875 noire.

562 908 633 967 Et
667 904 929 979 Robert,
982 902 1012 985 ΙΙ
1055 908 1261 967 avone
1299 911 1309 982 Ι
1347 905 1633 979 d’Arras‚
1674 904 1706 987 Η
1760 906 1936 967 sieur
1980 904 2059 966 de
2092 905 2406 967 Bethune.

500 1064 694 1136 Haec
734 1064 829 1135 sit
860 1085 1079 1159 prosa
1110 1085 1531 1148 numerosa,
1588 1063 1731 1136 nisi
1771 1060 2222 1138 hemistichii
2266 1079 2648 1134 caesuram

400 1179 842 1252 sentiamus·

504 1366 708 1440 Unus
735 1370 981 1440 tamen
1020 1372 1133 1439 est
1169 1389 1523 1440 numerus
1554 1369 1630 1464 (4
1671 1376 1750 1439 -Ι-
1784 1374 1827 1439 4
1854 1377 1928 1438 4
1975 1370 2041 1461 4)
2081 1365 2206 1470 qui
2237 1389 2466 1462 paene
2523 1368 2652 1440 he·

403 1481 761 1555 mistichii
793 1507 1096 1557 caesura
1126 1505 1275 1557 non
1315 1490 1549 1578 egeat,
1596 1484 1767 1580 quia
1807 1488 1888 1558 ut
1939 1506 2244 1557 caesura
2315 1484 2651 1558 hemisti-

401 1598 583 1689 chii,
614 1599 947 1673 caeditur
995 1602 1353 1676 versusin
1391 1623 1663 1697 aequas
1699 1606 1972 1698 partes.
2015 1602 2370 1674 Notemus
2405 1608 2652 1675 tamen

406 1721 565 1788 tres
601 1739 873 1813 aequas
915 1723 1161 1811 partes
1187 1716 1308 1790 vix
1339 1739 1635 1790 versum
1666 1717 1902 1790 facere
1933 1742 1951 1808 ;
1978 1739 2240 1789 versus
2263 1713 2365 1788 ita
2395 1739 2652 1798 caesus

360 1909 374 1917 ‚
410 1854 562 1904 non
596 1856 788 1906 unus
815 1837 953 1922 est,
1000 1857 1134 1907 nec
1172 1839 1507 1905 centrum
1539 1833 1757 1905 habet
1791 1857 1950 1921 nec,
1978 1838 2055 1906 ut
2077 1832 2177 1906 ita
2200 1830 2465 1921 dicam,
2494 1856 2652 1905 car-

417 1945 704 2035 dinem,
748 1947 891 2021 nisi
925 1946 1000 2021 in
1029 1949 1275 2023 media
1316 1956 1520 2045 parte
1551 1973 2053 2046 supponamus
2100 1972 2449 2022 caesurae
2504 1973 2656 2022 me-

416 2064 758 2154 moriam,
792 2070 834 2137 4
869 2080 941 2128 -1-
988 2068 1059 2163 (2
1093 2084 1166 2130 -ι-
1190 2071 1256 2161 2)
1296 2080 1370 2128 -i-
1406 2073 1475 2138 4.
1510 2067 1651 2139 Sed
1683 2065 1866 2138 nihil
1899 2066 2233 2162 estquod
2261 2064 2488 2162 longo
2518 2090 2653 2139 usu

413 2187 487 2253 et
526 2184 1055 2257 consuetudine
1123 2208 1338 2258 aures
1401 2207 1548 2255 non
1604 2183 1925 2256 tolerent
1955 2205 1975 2271 ;
2045 2181 2290 2276 itaque
2340 2181 2457 2285 hic
2518 2205 2651 2255 nu·

411 2320 660 2371 merus
700 2304 742 2370 4
773 2315 849 2364 -Ι-
894 2305 936 2371 4
969 2305 1110 2371 -ι-4
1173 2299 1626 2396 singularem
1682 2299 1903 2372 habet
1978 2299 2431 2396 voluptatem
2483 2297 2650 2371 aliis

413 2413 744 2486 numeris
778 2415 1051 2490 mixtus
1092 2438 1112 2504 3
1152 2440 1322 2490 nam
1364 2423 1522 2490 tum
1566 2415 1840 2512 optime
1879 2414 2156 2488 scimus
2197 2413 2318 2488 ubi
2394 2437 2650 2488 versus

412 2528 743 2626 incipiat,
784 2532 907 2606 ubi
927 2533 1391 2620 terminetur,
1415 2556 1778 2627 auresque
1805 2533 1906 2606 ita
1923 2555 2070 2606 non
2102 2530 2467 2621 dubitant,
2498 2554 2654 2604 ver·

418 2670 654 2743 suque
679 2647 1045 2744 tripartito
1069 2649 1618 2746 gaudent.1tem
1645 2650 2156 2723 hexametrum
2186 2646 2503 2721 vidimus
2530 2647 2660 2720 tri·

421 2763 776 2860 partitum
816 2765 1045 2840 fuisse
1102 2772 1491 2864 postquam
1524 2765 1745 2862 longa
1784 2766 2243 2840 consuetudo
2275 2770 2665 2842 numerum

424 2903 685 2955 versus
713 2881 811 2956 ita
839 2882 1141 2959 auribus
1179 2882 1550 2959 infuderat
1571 2888 1651 2958 ut
1682 2906 1829 2957 non
1860 2882 2006 2957 iam
2039 2905 2342 2957 necesse
2371 2888 2569 2958 esset
2590 2882 2666 2956 in

424 2997 610 3071 duas
642 3006 887 3096 partes
939 3001 1243 3074 caedere
1259 3023 1278 3089 ;
1327 3024 1747 3095 quanquam
1790 3002 2222 3098 plerumque
2254 3023 2419 3073 cum
2451 3000 2666 3096 trihe-

422 3113 719 3189 mimeri
781 3124 853 3190 et
909 3116 1504 3215 ephthemimeri‚
1586 3141 1770 3212 quae
1861 3115 2318 3212 tripartitum
2391 3114 2670 3188 faciunt

421 3253 749 3320 versum,
796 3238 1076 3328 perstat
1106 3234 1506 3307 trochaica.

518 3347 597 3420 In
637 3349 753 3422 his
777 3350 1115 3425 versibus
1145 3373 1527 3424 caesuram
1554 3349 2003 3424 hemistichii
2032 3347 2396 3422 exoletam
2426 3348 2667 3423 dicere

419 3471 631 3560 potes
678 3489 694 3537 :

580 3692 809 3752 Tantot
837 3690 951 3753 des
977 3692 1141 3769 boia,
1181 3691 1193 3769 Ι
1232 3698 1441 3757 tantot
1473 3695 1589 3756 des
1610 3712 1803 3766 merS‚
1847 3694 1856 3770 Ι
1895 3697 2105 3755 tantot
2135 3694 2250 3755 des
2275 3710 2459 3754 nues.
2539 3744 2545 3759 .

581 3789 772 3851 Vivre
790 3795 1049 3868 casque,
1091 3791 1099 3870 Ι
1140 3810 1289 3853 suer
1317 3793 1485 3862 Pete,
1528 3797 1538 3868 Ι
1576 3792 1753 3871 geler
1778 3792 2027 3853 l’hiver.

583 3889 756 3970 Dans
786 3888 844 3950 le
888 3896 1172 3968 serpent,
1213 3893 1223 3967 Ι
1261 3891 1423 3952 dans
1474 3891 1682 3971 l'aigle
1732 3891 1944 3965 altier,
1985 3892 1996 3970 Ι
2035 3891 2196 3952 dans
2227 3891 2290 3951 la
2318 3890 2662 3968 panthere.

426 4147 661 4221 Huius
717 4153 963 4223 autem
1031 4152 1231 4224 modi
1298 4175 1557 4224 versus
1591 4174 1681 4223 ne
1745 4150 1959 4223 binos
1994 4149 2302 4237 scribaS‚
2349 4149 2495 4221 nisi
2538 4172 2661 4222 ex·

426 4264 703 4361 templo
733 4264 920 4338 velis
965 4266 1232 4340 habere
1274 4290 1422 4340 non
1455 4268 1600 4340 duo
1637 4290 1926 4354 versuS‚
1960 4267 2088 4338 sed
2157 4288 2312 4338 sex.
2373 4265 2673 4360 Oportet

427 4381 869 4476 praecedant
972 4381 1096 4456 alii
1200 4382 1613 4457 communis
1668 4383 1957 4456 numeri
2032 4388 2104 4455 et
2167 4382 2495 4478 rhythmi
2543 4380 2667 4475 qui

426 4495 832 4592 legitimam
887 4521 1313 4572 mensuram
1341 4500 1541 4585 dent,
1580 4499 2021 4594 quibuscum
2063 4496 2477 4593 tripartitus
2509 4521 2671 4568 ver-

432 4636 558 4686 sus
610 4613 928 4688 conferri
989 4616 1248 4713 possit.
1326 4618 1514 4713 Ergo
1602 4615 1882 4713 optimo
1940 4614 2099 4688 iure
2169 4614 2408 4688 dicam
2478 4615 2669 4686 hunc
