3616 5887
1424 1252 1547 1328 V11

353 1528 453 1577 DE
505 1527 843 1578 SYLLABIS
882 1527 1410 1579 ASSONANTIBUS
1448 1528 1536 1577 ET
1574 1527 2189 1597 CONSONANTIBU83
2234 1531 2327 1580 DE
2365 1531 2610 1582 EARUM

463 1644 883 1709 UTlLlTATE3
918 1645 1052 1696 CUR
1091 1646 1223 1695 PRO
1235 1645 1759 1696 ASSONANTIBUS
1780 1646 2277 1698 CONSONANTES
2302 1648 2610 1699 FUERINT

464 1763 969 1814 SUBSTITUTAE.

464 2016 740 2089 Harum
781 2016 1177 2090 verborum
1243 2015 1801 2090 conclusionum
1864 2018 1939 2089 in
1989 2042 2171 2114 quas
2214 2042 2457 2093 sermo
2500 2029 2610 2095 est

358 2131 732 2218 diductuS,
795 2157 1125 2231 quaeque
1187 2156 1446 2208 versus
1509 2131 2016 2224 nominantur,
2090 2135 2606 2231 aequalitatem

357 2256 430 2323 et
472 2260 869 2357 συμμετρίαν
921 2273 1135 2324 aures
1212 2255 1385 2324 sunt
1461 2274 1645 2346 quae
1740 2251 2094 2327 iudicent.
2181 2253 2275 2327 Ut
2362 2257 2605 2327 autem

356 2374 715 2461 iudicent,
751 2398 1053 2449 necesse
1112 2381 1225 2449 est
1278 2373 1429 2448 sint
1485 2376 1739 2472 aequis
1779 2375 2196 2451 intervallis
2271 2378 2607 2452 cadentia

357 2491 477 2566 vel
548 2490 648 2565 ita
707 2490 1112 2589 dispositae
1170 2491 1573 2580 clausulae,
1619 2498 1699 2568 ut
1751 2492 1967 2566 facile
2021 2493 2273 2568 auditu
2343 2493 2606 2569 distin-

360 2612 627 2705 guatur
681 2607 949 2704 quibus
1021 2608 1359 2682 terminis
1428 2608 1938 2705 unusquisque
2014 2630 2362 2683 versuum
2430 2635 2603 2686 con—

362 2724 732 2815 cludatur,
802 2725 923 2798 ubi
965 2724 1267 2799 finiatur
1321 2726 1465 2816 hic,
1526 2724 1653 2798 ille
1715 2724 2044 2823 incipiat.
2089 2727 2299 2821 Apud
2360 2726 2606 2801 Gallos

360 2848 537 2916 sunt
633 2841 980 2916 similiter
1069 2840 1550 2916 consonantia
1637 2842 1904 2938 quibus
1998 2841 2271 2939 optime
2345 2866 2605 2918 versus

361 2960 783 3034 discernere
810 2966 882 3033 et
913 2959 1159 3033 metiri
1191 2961 1459 3057 possis.
1507 2960 1806 3033 Scilicet
1869 2959 1945 3033 in
2008 2958 2285 3034 nostris
2347 2962 2603 3035 carmi·

357 3077 578 3153 nibus
614 3077 958 3151 binorum
1006 3101 1351 3152 versuum
1395 3084 1722 3151 extrema
1772 3077 1994 3150 verba
2049 3076 2402 3150 extremis
2465 3078 2598 3176 syl·

360 3195 549 3269 labis
580 3200 1015 3269 consonant.
1064 3194 1262 3282 Quae
1302 3195 1814 3283 consonantia,
1858 3193 2159 3291 paribus
2188 3193 2601 3269 intervallis

359 3317 728 3410 percepta,
764 3333 1022 3422 versus
1047 3310 1324 3407 optime
1363 3313 1545 3385 cum‘
1577 3312 1945 3408 voluptate
1984 3311 2275 3385 aurium
2342 3312 2599 3386 discri-

361 3430 674 3503 minant.

455 3668 671 3765 Apud
736 3666 1033 3740 Latinos
1086 3690 1348 3739 versus
1425 3666 1564 3740 hoc
1617 3664 2227 3739 discriminantur
2276 3666 2597 3763 primum

361 3785 559 3882 quod
598 3782 898 3881 paribus
937 3782 1350 3857 intervallis
1383 3784 1574 3857 redit
1614 3781 1907 3880 dactylo
1935 3781 2307 3858 subiectus
2379 3807 2598 3881 spon-

360 3905 544 3986 deus
608 3899 727 3974 vel
779 3898 1226 3990 trochaeus3
1299 3899 1566 3974 deinde
1625 3900 1766 3973 hoc
1821 3900 2022 3994 (nam
2096 3899 2225 3973 illa
2313 3925 2601 3998 quoque

358 4017 783 4094 terminatio
824 4016 1166 4093 convenit
1202 4016 1548 4113 Graecis),
1587 4017 1795 4112 quod
1827 4015 2167 4114 dactylus
2243 4023 2332 4090 et·
2383 4042 2599 4115 spon-

359 4137 568 4224 deuS,
614 4139 696 4209 ut
741 4134 844 4209 ita
897 4134 1163 4223 dicam,
1206 4135 1372 4231 puri
1407 4139 1608 4224 sunt,
1651 4133 1728 4207 id
1757 4138 1873 4207 est
1897 4133 2100 4208 omni
2131 4158 2434 4209 caesura
2472 4159 2600 4208 ex-

314 4307 321 4318 .
360 4257 630 4351 perteS,
677 4275 820 4348 qua
857 4251 1028 4325 finis
1064 4275 1323 4327 versus
1351 4276 1517 4326 cum
1558 4257 1801 4324 cetera
1841 4249 2112 4347 pedum
2169 4252 2597 4350 compagine

361 4368 708 4446 confundi
746 4368 1006 4467 possit.
1052 4368 1448 4443 Caesuram
1480 4368 1597 4442 hic
1649 4366 1966 4440 dicimus
2023 4392 2245 4463 quom
2315 4369 2598 4442 discor-

365 4487 542 4560 dant
576 4509 707 4584 pes
767 4491 839 4560 et
903 4484 1242 4574 verbum,
1287 4486 1390 4560 ita
1455 4491 1537 4562 ut
1598 4484 2016 4560 claudicent
2066 4485 2397 4584 dactylus
2475 4492 2595 4559 aut

365 4602 760 4700 spondeus.
