<?xml version="1.0" encoding="UTF-8"?>
<!DOCTYPE html PUBLIC "-//W3C//DTD XHTML 1.0 Transitional//EN"
    "http://www.w3.org/TR/xhtml1/DTD/xhtml1-transitional.dtd">
<html xmlns="http://www.w3.org/1999/xhtml" xml:lang="en" lang="en">
 <head>
  <title>
</title>
<meta http-equiv="Content-Type" content="text/html;charset=utf-8" />
  <meta name='ocr-system' content='tesseract 3.04.00' />
  <meta name='ocr-capabilities' content='ocr_page ocr_carea ocr_par ocr_line ocrx_word'/>
</head>
<body>
  <div class='ocr_page' id='page_1' title='image "./galliciversvsme00nebogoog_0059.png"; bbox 0 0 3616 5887; ppageno 0'>
   <div class='ocr_carea' id='block_1_1' title="bbox 1371 688 1757 757">
    <p class='ocr_par' dir='ltr' id='par_1_1' title="bbox 1371 688 1757 757">
     <span class='ocr_line' id='line_1_1' title="bbox 1371 688 1757 757; baseline -0.008 -12"><span class='ocrx_word' id='word_1_1' title='bbox 1371 688 1757 757; x_wconf 43' lang='lat'>...414-</span> 
     </span>
    </p>
   </div>
   <div class='ocr_carea' id='block_1_2' title="bbox 419 987 2684 1317">
    <p class='ocr_par' dir='ltr' id='par_1_2' title="bbox 419 987 2684 1317">
     <span class='ocr_line' id='line_1_2' title="bbox 419 987 2680 1085; baseline 0 -24"><span class='ocrx_word' id='word_1_2' title='bbox 419 987 519 1061; x_wconf 88' lang='lat' dir='ltr'><strong><em>V.</em></strong></span> <span class='ocrx_word' id='word_1_3' title='bbox 550 1029 650 1045; x_wconf 91' lang='lat'><em>-</em></span> <span class='ocrx_word' id='word_1_4' title='bbox 687 990 1019 1082; x_wconf 72' lang='lat' dir='ltr'><strong><em>strophae</em></strong></span> <span class='ocrx_word' id='word_1_5' title='bbox 1043 1012 1169 1083; x_wconf 84' lang='lat' dir='ltr'><strong><em>per</em></strong></span> <span class='ocrx_word' id='word_1_6' title='bbox 1196 990 1412 1060; x_wconf 85' lang='lat' dir='ltr'><strong><em>solam</em></strong></span> <span class='ocrx_word' id='word_1_7' title='bbox 1445 1011 1678 1061; x_wconf 84' lang='lat' dir='ltr'><strong><em>sensus</em></strong></span> <span class='ocrx_word' id='word_1_8' title='bbox 1714 988 2303 1061; x_wconf 74' lang='lat' dir='ltr'><strong><em>intermissionem</em></strong></span> <span class='ocrx_word' id='word_1_9' title='bbox 2331 993 2680 1085; x_wconf 79' lang='lat' dir='ltr'><strong><em>¹constitu·</em></strong></span> 
     </span>
     <span class='ocr_line' id='line_1_3' title="bbox 533 1106 2684 1202; baseline 0.001 -25"><span class='ocrx_word' id='word_1_10' title='bbox 533 1118 668 1195; x_wconf 77' lang='lat' dir='ltr'><strong><em>tae‚</em></strong></span> <span class='ocrx_word' id='word_1_11' title='bbox 694 1107 1233 1202; x_wconf 73' lang='lat' dir='ltr'><strong><em>repuqnantibus</em></strong></span> <span class='ocrx_word' id='word_1_12' title='bbox 1263 1106 1574 1177; x_wconf 79' lang='lat' dir='ltr'><strong><em>numeris</em></strong></span> <span class='ocrx_word' id='word_1_13' title='bbox 1609 1117 1735 1177; x_wconf 85' lang='lat' dir='ltr'><strong><em>aut</em></strong></span> <span class='ocrx_word' id='word_1_14' title='bbox 1762 1107 2287 1178; x_wconf 80' lang='lat' dir='ltr'><strong><em>consonantibus</em></strong></span> <span class='ocrx_word' id='word_1_15' title='bbox 2308 1136 2336 1194; x_wconf 90' lang='lat'><strong><em>‚·</em></strong></span> <span class='ocrx_word' id='word_1_16' title='bbox 2366 1108 2684 1199; x_wconf 76' lang='lat' dir='ltr'><strong><em>strophae</em></strong></span> 
     </span>
     <span class='ocr_line' id='line_1_4' title="bbox 536 1224 1558 1317; baseline -0.001 -22"><span class='ocrx_word' id='word_1_17' title='bbox 536 1225 789 1295; x_wconf 84' lang='lat' dir='ltr'><strong><em>duabus</em></strong></span> <span class='ocrx_word' id='word_1_18' title='bbox 813 1224 1108 1316; x_wconf 76' lang='lat' dir='ltr'><strong><em>strophis</em></strong></span> <span class='ocrx_word' id='word_1_19' title='bbox 1129 1224 1558 1317; x_wconf 82' lang='lat' dir='ltr'><strong><em>compositae.</em></strong></span> 
     </span>
    </p>
   </div>
   <div class='ocr_carea' id='block_1_3' title="bbox 426 1475 2682 1810">
    <p class='ocr_par' dir='ltr' id='par_1_3' title="bbox 426 1475 2682 1810">
     <span class='ocr_line' id='line_1_5' title="bbox 535 1475 2682 1574; baseline 0 -22"><span class='ocrx_word' id='word_1_20' title='bbox 535 1478 609 1552; x_wconf 90' lang='lat' dir='ltr'><strong><em>Si</em></strong></span> <span class='ocrx_word' id='word_1_21' title='bbox 640 1477 748 1553; x_wconf 87' lang='lat' dir='ltr'><strong><em>vis</em></strong></span> <span class='ocrx_word' id='word_1_22' title='bbox 784 1500 966 1553; x_wconf 86' lang='lat' dir='ltr'><strong><em>vero</em></strong></span> <span class='ocrx_word' id='word_1_23' title='bbox 987 1476 1396 1568; x_wconf 85' lang='lat' dir='ltr'><strong><em>attendere,</em></strong></span> <span class='ocrx_word' id='word_1_24' title='bbox 1427 1497 1694 1553; x_wconf 89' lang='lat' dir='ltr'><strong><em>sensus</em></strong></span> <span class='ocrx_word' id='word_1_25' title='bbox 1725 1496 1955 1574; x_wconf 89' lang='lat' dir='ltr'><strong><em>pausa</em></strong></span> <span class='ocrx_word' id='word_1_26' title='bbox 1996 1483 2110 1549; x_wconf 91' lang='lat' dir='ltr'><strong><em>est</em></strong></span> <span class='ocrx_word' id='word_1_27' title='bbox 2134 1497 2321 1574; x_wconf 88' lang='lat' dir='ltr'><strong><em>quae</em></strong></span> <span class='ocrx_word' id='word_1_28' title='bbox 2360 1475 2682 1552; x_wconf 81' lang='lat' dir='ltr'><strong>maxime</strong></span> 
     </span>
     <span class='ocr_line' id='line_1_6' title="bbox 432 1591 2673 1693; baseline 0 -25"><span class='ocrx_word' id='word_1_29' title='bbox 432 1594 782 1693; x_wconf 83' lang='lat' dir='ltr'><strong><em>strophas</em></strong></span> <span class='ocrx_word' id='word_1_30' title='bbox 868 1594 1269 1670; x_wconf 87' lang='lat' dir='ltr'><strong><em>constituat</em></strong></span> <span class='ocrx_word' id='word_1_31' title='bbox 1317 1620 1339 1685; x_wconf 81' lang='lat'>3</span> <span class='ocrx_word' id='word_1_32' title='bbox 1419 1615 1594 1668; x_wconf 90' lang='lat' dir='ltr'><strong><em>nam</em></strong></span> <span class='ocrx_word' id='word_1_33' title='bbox 1688 1597 1947 1667; x_wconf 86' lang='lat' dir='ltr'><strong><em>contra</em></strong></span> <span class='ocrx_word' id='word_1_34' title='bbox 2008 1591 2308 1689; x_wconf 87' lang='lat' dir='ltr'><strong><em>longam</em></strong></span> <span class='ocrx_word' id='word_1_35' title='bbox 2366 1616 2673 1693; x_wconf 80' lang='lat' dir='ltr'><strong>pausam</strong></span> 
     </span>
     <span class='ocr_line' id='line_1_7' title="bbox 426 1708 2187 1810; baseline -0.001 -24"><span class='ocrx_word' id='word_1_36' title='bbox 426 1711 624 1789; x_wconf 84' lang='lat' dir='ltr'><strong><em>nihil</em></strong></span> <span class='ocrx_word' id='word_1_37' title='bbox 655 1711 1083 1803; x_wconf 89' lang='lat' dir='ltr'><strong><em>oblucteris,</em></strong></span> <span class='ocrx_word' id='word_1_38' title='bbox 1119 1734 1309 1810; x_wconf 89' lang='lat' dir='ltr'><strong><em>quae</em></strong></span> <span class='ocrx_word' id='word_1_39' title='bbox 1337 1732 1589 1786; x_wconf 88' lang='lat' dir='ltr'><strong><em>secum</em></strong></span> <span class='ocrx_word' id='word_1_40' title='bbox 1627 1709 1869 1785; x_wconf 78' lang='lat' dir='ltr'><strong>aufert</strong></span> <span class='ocrx_word' id='word_1_41' title='bbox 1908 1708 2187 1790; x_wconf 81' lang='lat' dir='ltr'><strong><em>omnia.</em></strong></span> 
     </span>
    </p>
   </div>
   <div class='ocr_carea' id='block_1_4' title="bbox 430 1932 2675 2150">
    <p class='ocr_par' dir='ltr' id='par_1_4' title="bbox 430 1932 2675 2150">
     <span class='ocr_line' id='line_1_8' title="bbox 540 1932 2675 2033; baseline -0 -23"><span class='ocrx_word' id='word_1_42' title='bbox 540 1936 704 2010; x_wconf 91' lang='lat' dir='ltr'><strong><em>Non</em></strong></span> <span class='ocrx_word' id='word_1_43' title='bbox 761 1934 1345 2012; x_wconf 83' lang='lat' dir='ltr'><strong><em>consonantibus</em></strong></span> <span class='ocrx_word' id='word_1_44' title='bbox 1384 1932 1864 2009; x_wconf 83' lang='lat' dir='ltr'><strong><em>constituitur</em></strong></span> <span class='ocrx_word' id='word_1_45' title='bbox 1919 1933 2314 2033; x_wconf 79' lang='lat' dir='ltr'><strong><em>rhythmus</em></strong></span> <span class='ocrx_word' id='word_1_46' title='bbox 2370 1932 2675 2011; x_wconf 88' lang='lat' dir='ltr'><strong><em>illorum</em></strong></span> 
     </span>
     <span class='ocr_line' id='line_1_9' title="bbox 430 2050 1658 2150; baseline -0.002 -24"><span class='ocrx_word' id='word_1_47' title='bbox 430 2076 630 2150; x_wconf 86' lang='lat' dir='ltr'><strong><em>quos</em></strong></span> <span class='ocrx_word' id='word_1_48' title='bbox 668 2075 1023 2127; x_wconf 82' lang='lat' dir='ltr'><strong><em>vocamus</em></strong></span> <span class='ocrx_word' id='word_1_49' title='bbox 1058 2050 1321 2149; x_wconf 85' lang='lat' dir='ltr'><strong><em>gallice</em></strong></span> <span class='ocrx_word' id='word_1_50' title='bbox 1347 2054 1606 2147; x_wconf 73' lang='lat' dir='ltr'><strong><em>iambos</em></strong></span> <span class='ocrx_word' id='word_1_51' title='bbox 1638 2080 1658 2123; x_wconf 94' lang='grc'><strong><em>.·</em></strong></span> 
     </span>
    </p>
   </div>
   <div class='ocr_carea' id='block_1_5' title="bbox 488 2242 2380 2605">
    <p class='ocr_par' dir='ltr' id='par_1_5' title="bbox 488 2242 2380 2605">
     <span class='ocr_line' id='line_1_10' title="bbox 488 2242 2380 2324; baseline 0 -18"><span class='ocrx_word' id='word_1_52' title='bbox 488 2312 492 2317; x_wconf 55' lang='grc'><em>,</em></span> <span class='ocrx_word' id='word_1_53' title='bbox 603 2245 653 2306; x_wconf 89' lang='grc' dir='ltr'>Ο</span> <span class='ocrx_word' id='word_1_54' title='bbox 683 2244 877 2307; x_wconf 90' lang='lat' dir='ltr'><strong><em>Corse</em></strong></span> <span class='ocrx_word' id='word_1_55' title='bbox 906 2250 944 2306; x_wconf 79' lang='lat' dir='ltr'><strong><em>a</em></strong></span> <span class='ocrx_word' id='word_1_56' title='bbox 970 2244 1258 2307; x_wconf 83' lang='lat' dir='ltr'><strong><em>cheveux</em></strong></span> <span class='ocrx_word' id='word_1_57' title='bbox 1287 2243 1494 2324; x_wconf 77' lang='lat' dir='ltr'><strong><em>plats!</em></strong></span> <span class='ocrx_word' id='word_1_58' title='bbox 1525 2260 1654 2323; x_wconf 89' lang='lat' dir='ltr'><strong><em>que</em></strong></span> <span class='ocrx_word' id='word_1_59' title='bbox 1683 2242 1746 2305; x_wconf 90' lang='lat' dir='ltr'><strong><em>la</em></strong></span> <span class='ocrx_word' id='word_1_60' title='bbox 1769 2244 2008 2306; x_wconf 84' lang='lat' dir='ltr'><strong><em>France</em></strong></span> <span class='ocrx_word' id='word_1_61' title='bbox 2028 2243 2187 2306; x_wconf 80' lang='lat' dir='ltr'><strong><em>etait</em></strong></span> <span class='ocrx_word' id='word_1_62' title='bbox 2213 2242 2380 2307; x_wconf 86' lang='lat' dir='ltr'>belle</span> 
     </span>
     <span class='ocr_line' id='line_1_11' title="bbox 924 2341 1950 2423; baseline -0.001 -20"><span class='ocrx_word' id='word_1_63' title='bbox 924 2343 1021 2405; x_wconf 85' lang='lat' dir='ltr'><strong><em>Au</em></strong></span> <span class='ocrx_word' id='word_1_64' title='bbox 1042 2343 1247 2423; x_wconf 82' lang='lat' dir='ltr'><strong><em>grand</em></strong></span> <span class='ocrx_word' id='word_1_65' title='bbox 1272 2342 1457 2404; x_wconf 91' lang='lat' dir='ltr'><strong><em>soleil</em></strong></span> <span class='ocrx_word' id='word_1_66' title='bbox 1485 2343 1566 2404; x_wconf 88' lang='lat' dir='ltr'><strong><em>de</em></strong></span> <span class='ocrx_word' id='word_1_67' title='bbox 1589 2341 1904 2403; x_wconf 81' lang='lat' dir='ltr'><strong><em>Messidor</em></strong></span> <span class='ocrx_word' id='word_1_68' title='bbox 1935 2343 1950 2402; x_wconf 82' lang='lat'><strong>1</strong></span> 
     </span>
     <span class='ocr_line' id='line_1_12' title="bbox 566 2439 2047 2521; baseline 0.001 -19"><span class='ocrx_word' id='word_1_69' title='bbox 566 2450 571 2457; x_wconf 80' lang='grc'><em>’</em></span> <span class='ocrx_word' id='word_1_70' title='bbox 603 2440 829 2506; x_wconf 75' lang='lat' dir='ltr'><strong><em>C&#39;etait</em></strong></span> <span class='ocrx_word' id='word_1_71' title='bbox 848 2460 975 2505; x_wconf 91' lang='lat' dir='ltr'><strong><em>une</em></strong></span> <span class='ocrx_word' id='word_1_72' title='bbox 1006 2442 1221 2504; x_wconf 72' lang='lat' dir='ltr'><strong><em>cavate</em></strong></span> <span class='ocrx_word' id='word_1_73' title='bbox 1243 2440 1689 2521; x_wconf 79' lang='lat' dir='ltr'><strong><em>indomptable</em></strong></span> <span class='ocrx_word' id='word_1_74' title='bbox 1720 2445 1784 2502; x_wconf 88' lang='lat' dir='ltr'><strong><em>et</em></strong></span> <span class='ocrx_word' id='word_1_75' title='bbox 1803 2439 2047 2503; x_wconf 83' lang='lat' dir='ltr'>rebelle</span> 
     </span>
     <span class='ocr_line' id='line_1_13' title="bbox 922 2537 2165 2605; baseline -0.001 -2"><span class='ocrx_word' id='word_1_76' title='bbox 922 2539 1083 2605; x_wconf 88' lang='lat' dir='ltr'><strong><em>Sans</em></strong></span> <span class='ocrx_word' id='word_1_77' title='bbox 1110 2541 1278 2602; x_wconf 85' lang='lat' dir='ltr'><strong><em>frein</em></strong></span> <span class='ocrx_word' id='word_1_78' title='bbox 1303 2539 1542 2603; x_wconf 84' lang='lat' dir='ltr'><strong><em>d’acier</em></strong></span> <span class='ocrx_word' id='word_1_79' title='bbox 1571 2537 1638 2600; x_wconf 91' lang='lat' dir='ltr'><strong><em>ni</em></strong></span> <span class='ocrx_word' id='word_1_80' title='bbox 1666 2539 1859 2601; x_wconf 78' lang='lat' dir='ltr'><strong><em>renes</em></strong></span> <span class='ocrx_word' id='word_1_81' title='bbox 1882 2538 2023 2602; x_wconf 89' lang='lat' dir='ltr'><strong><em>d&#39;or</em></strong></span> <span class='ocrx_word' id='word_1_82' title='bbox 2055 2541 2130 2602; x_wconf 76' lang='lat'><strong><em>1..</em></strong></span> <span class='ocrx_word' id='word_1_83' title='bbox 2148 2585 2165 2602; x_wconf 90' lang='lat'><strong>.</strong></span> 
     </span>
    </p>
   </div>
   <div class='ocr_carea' id='block_1_6' title="bbox 428 2733 2694 3882">
    <p class='ocr_par' dir='ltr' id='par_1_6' title="bbox 428 2733 2694 3882">
     <span class='ocr_line' id='line_1_14' title="bbox 543 2733 2691 2833; baseline -0 -23"><span class='ocrx_word' id='word_1_84' title='bbox 543 2736 622 2810; x_wconf 88' lang='lat' dir='ltr'><strong><em>Si</em></strong></span> <span class='ocrx_word' id='word_1_85' title='bbox 673 2741 961 2832; x_wconf 88' lang='lat' dir='ltr'><strong><em>spectas</em></strong></span> <span class='ocrx_word' id='word_1_86' title='bbox 1001 2735 1095 2808; x_wconf 91' lang='lat' dir='ltr'><strong><em>ad</em></strong></span> <span class='ocrx_word' id='word_1_87' title='bbox 1136 2742 1660 2824; x_wconf 81' lang='lat' dir='ltr'><strong><em>consonantes,</em></strong></span> <span class='ocrx_word' id='word_1_88' title='bbox 1693 2733 2035 2832; x_wconf 88' lang='lat' dir='ltr'><strong><em>strophas</em></strong></span> <span class='ocrx_word' id='word_1_89' title='bbox 2073 2733 2302 2809; x_wconf 89' lang='lat' dir='ltr'><strong><em>habes</em></strong></span> <span class='ocrx_word' id='word_1_90' title='bbox 2343 2738 2691 2833; x_wconf 88' lang='lat' dir='ltr'><strong><em>quattuor</em></strong></span> 
     </span>
     <span class='ocr_line' id='line_1_15' title="bbox 428 2850 2682 2942; baseline 0.001 -18"><span class='ocrx_word' id='word_1_91' title='bbox 428 2875 790 2927; x_wconf 75' lang='lat' dir='ltr'><strong><em>versuum</em></strong></span> <span class='ocrx_word' id='word_1_92' title='bbox 821 2878 841 2940; x_wconf 80' lang='lat'><em>3</em></span> <span class='ocrx_word' id='word_1_93' title='bbox 870 2850 932 2924; x_wconf 89' lang='lat' dir='ltr'><strong><em>si</em></strong></span> <span class='ocrx_word' id='word_1_94' title='bbox 961 2851 1052 2925; x_wconf 89' lang='lat' dir='ltr'><strong><em>ad</em></strong></span> <span class='ocrx_word' id='word_1_95' title='bbox 1081 2873 1461 2940; x_wconf 80' lang='lat' dir='ltr'><strong><em>numerOS‚</em></strong></span> <span class='ocrx_word' id='word_1_96' title='bbox 1488 2851 1806 2925; x_wconf 90' lang='lat' dir='ltr'><strong><em>duorum</em></strong></span> <span class='ocrx_word' id='word_1_97' title='bbox 1846 2875 1863 2941; x_wconf 91' lang='lat'><strong>;</strong></span> <span class='ocrx_word' id='word_1_98' title='bbox 1900 2850 2178 2925; x_wconf 83' lang='lat' dir='ltr'><strong><em>arbiter</em></strong></span> <span class='ocrx_word' id='word_1_99' title='bbox 2207 2851 2348 2926; x_wconf 89' lang='lat' dir='ltr'><strong><em>erit</em></strong></span> <span class='ocrx_word' id='word_1_100' title='bbox 2378 2873 2682 2942; x_wconf 82' lang='lat' dir='ltr'><strong><em>sensus3</em></strong></span> 
     </span>
     <span class='ocr_line' id='line_1_16' title="bbox 430 2966 2682 3065; baseline 0 -22"><span class='ocrx_word' id='word_1_101' title='bbox 430 2969 691 3065; x_wconf 85' lang='lat' dir='ltr'><strong><em>itaque</em></strong></span> <span class='ocrx_word' id='word_1_102' title='bbox 722 2968 797 3041; x_wconf 88' lang='lat' dir='ltr'><strong><em>in</em></strong></span> <span class='ocrx_word' id='word_1_103' title='bbox 840 2968 1058 3043; x_wconf 90' lang='lat' dir='ltr'><strong><em>huius</em></strong></span> <span class='ocrx_word' id='word_1_104' title='bbox 1106 2968 1307 3043; x_wconf 92' lang='lat' dir='ltr'><strong><em>modi</em></strong></span> <span class='ocrx_word' id='word_1_105' title='bbox 1348 2966 1616 3042; x_wconf 84' lang='lat' dir='ltr'><strong><em>iambis</em></strong></span> <span class='ocrx_word' id='word_1_106' title='bbox 1654 2968 1895 3065; x_wconf 89' lang='lat' dir='ltr'><strong><em>poetis</em></strong></span> <span class='ocrx_word' id='word_1_107' title='bbox 1927 2967 2222 3044; x_wconf 83' lang='lat' dir='ltr'><strong><em>debebit</em></strong></span> <span class='ocrx_word' id='word_1_108' title='bbox 2270 2992 2432 3044; x_wconf 91' lang='lat' dir='ltr'><strong><em>esse</em></strong></span> <span class='ocrx_word' id='word_1_109' title='bbox 2465 2992 2682 3044; x_wconf 89' lang='lat' dir='ltr'><strong><em>curae</em></strong></span> 
     </span>
     <span class='ocr_line' id='line_1_17' title="bbox 436 3073 2689 3184; baseline 0 -25"><span class='ocrx_word' id='word_1_110' title='bbox 436 3109 715 3184; x_wconf 87' lang='lat' dir='ltr'><strong><em>pausas</em></strong></span> <span class='ocrx_word' id='word_1_111' title='bbox 748 3073 1013 3182; x_wconf 87' lang='lat' dir='ltr'><strong><em>quarto</em></strong></span> <span class='ocrx_word' id='word_1_112' title='bbox 1039 3108 1329 3181; x_wconf 87' lang='lat' dir='ltr'><strong><em>quoque</em></strong></span> <span class='ocrx_word' id='word_1_113' title='bbox 1362 3108 1579 3158; x_wconf 84' lang='lat' dir='ltr'><strong><em>versu</em></strong></span> <span class='ocrx_word' id='word_1_114' title='bbox 1620 3084 1895 3174; x_wconf 80' lang='lat' dir='ltr'><strong><em>vitare3</em></strong></span> <span class='ocrx_word' id='word_1_115' title='bbox 1933 3084 2128 3182; x_wconf 89' lang='lat' dir='ltr'><strong><em>quod</em></strong></span> <span class='ocrx_word' id='word_1_116' title='bbox 2165 3084 2439 3183; x_wconf 91' lang='lat' dir='ltr'><strong><em>optime</em></strong></span> <span class='ocrx_word' id='word_1_117' title='bbox 2464 3084 2689 3160; x_wconf 91' lang='lat' dir='ltr'><strong><em>intel-</em></strong></span> 
     </span>
     <span class='ocr_line' id='line_1_18' title="bbox 449 3200 2690 3299; baseline -0 -23"><span class='ocrx_word' id='word_1_118' title='bbox 449 3202 791 3276; x_wconf 86' lang='lat' dir='ltr'><strong><em>lexerunt</em></strong></span> <span class='ocrx_word' id='word_1_119' title='bbox 829 3201 1058 3276; x_wconf 86' lang='lat' dir='ltr'><strong><em>nostri</em></strong></span> <span class='ocrx_word' id='word_1_120' title='bbox 1100 3202 1515 3276; x_wconf 87' lang='lat' dir='ltr'><strong><em>iamborum</em></strong></span> <span class='ocrx_word' id='word_1_121' title='bbox 1572 3206 1937 3291; x_wconf 87' lang='lat' dir='ltr'><strong><em>auctores,</em></strong></span> <span class='ocrx_word' id='word_1_122' title='bbox 1982 3223 2298 3297; x_wconf 88' lang='lat' dir='ltr'><strong><em>quorum</em></strong></span> <span class='ocrx_word' id='word_1_123' title='bbox 2339 3202 2532 3299; x_wconf 91' lang='lat' dir='ltr'><strong><em>apud</em></strong></span> <span class='ocrx_word' id='word_1_124' title='bbox 2584 3200 2690 3277; x_wconf 88' lang='lat' dir='ltr'><strong><em>al-</em></strong></span> 
     </span>
     <span class='ocr_line' id='line_1_19' title="bbox 448 3317 2687 3416; baseline 0 -25"><span class='ocrx_word' id='word_1_125' title='bbox 448 3326 692 3392; x_wconf 86' lang='lat' dir='ltr'><strong><em>terum</em></strong></span> <span class='ocrx_word' id='word_1_126' title='bbox 758 3317 871 3416; x_wconf 83' lang='lat'><strong><em>(1)</em></strong></span> <span class='ocrx_word' id='word_1_127' title='bbox 910 3318 1258 3416; x_wconf 90' lang='lat' dir='ltr'><strong><em>periodus</em></strong></span> <span class='ocrx_word' id='word_1_128' title='bbox 1290 3319 1501 3415; x_wconf 89' lang='lat' dir='ltr'><strong><em>quasi</em></strong></span> <span class='ocrx_word' id='word_1_129' title='bbox 1536 3323 1831 3395; x_wconf 89' lang='lat' dir='ltr'><strong><em>torrens</em></strong></span> <span class='ocrx_word' id='word_1_130' title='bbox 1872 3317 2310 3416; x_wconf 83' lang='lat' dir='ltr'><strong><em>saepissime</em></strong></span> <span class='ocrx_word' id='word_1_131' title='bbox 2377 3317 2687 3416; x_wconf 84' lang='lat' dir='ltr'><strong><em>rapitur,</em></strong></span> 
     </span>
     <span class='ocr_line' id='line_1_20' title="bbox 450 3432 2690 3532; baseline -0 -23"><span class='ocrx_word' id='word_1_132' title='bbox 450 3435 719 3531; x_wconf 88' lang='lat' dir='ltr'><strong><em>spiritu</em></strong></span> <span class='ocrx_word' id='word_1_133' title='bbox 766 3434 1169 3522; x_wconf 86' lang='lat' dir='ltr'><strong><em>anhelanti,</em></strong></span> <span class='ocrx_word' id='word_1_134' title='bbox 1231 3441 1312 3508; x_wconf 89' lang='lat' dir='ltr'><strong><em>ut</em></strong></span> <span class='ocrx_word' id='word_1_135' title='bbox 1349 3433 1559 3509; x_wconf 91' lang='lat' dir='ltr'><strong><em>nulla</em></strong></span> <span class='ocrx_word' id='word_1_136' title='bbox 1590 3434 1742 3508; x_wconf 79' lang='lat' dir='ltr'><strong><em>fere</em></strong></span> <span class='ocrx_word' id='word_1_137' title='bbox 1774 3433 1872 3507; x_wconf 89' lang='lat' dir='ltr'><strong><em>sit</em></strong></span> <span class='ocrx_word' id='word_1_138' title='bbox 1911 3456 2141 3532; x_wconf 87' lang='lat' dir='ltr'><strong><em>pausa</em></strong></span> <span class='ocrx_word' id='word_1_139' title='bbox 2191 3432 2336 3508; x_wconf 88' lang='lat' dir='ltr'><strong><em>nisi</em></strong></span> <span class='ocrx_word' id='word_1_140' title='bbox 2384 3434 2690 3510; x_wconf 87' lang='lat' dir='ltr'><strong><em>secundi</em></strong></span> 
     </span>
     <span class='ocr_line' id='line_1_21' title="bbox 449 3549 2694 3648; baseline 0 -23"><span class='ocrx_word' id='word_1_141' title='bbox 449 3551 835 3648; x_wconf 86' lang='lat' dir='ltr'><strong><em>cuiusque,</em></strong></span> <span class='ocrx_word' id='word_1_142' title='bbox 897 3552 1096 3648; x_wconf 88' lang='lat' dir='ltr'><strong><em>apud</em></strong></span> <span class='ocrx_word' id='word_1_143' title='bbox 1152 3551 1466 3638; x_wconf 84' lang='lat' dir='ltr'><strong><em>alterum</em></strong></span> <span class='ocrx_word' id='word_1_144' title='bbox 1524 3550 1631 3647; x_wconf 84' lang='lat'><strong><em>(2)</em></strong></span> <span class='ocrx_word' id='word_1_145' title='bbox 1696 3572 1914 3647; x_wconf 90' lang='lat' dir='ltr'><strong><em>saepe</em></strong></span> <span class='ocrx_word' id='word_1_146' title='bbox 1967 3573 2230 3624; x_wconf 89' lang='lat' dir='ltr'><strong><em>sensus</em></strong></span> <span class='ocrx_word' id='word_1_147' title='bbox 2282 3551 2536 3647; x_wconf 89' lang='lat' dir='ltr'><strong><em>pausis</em></strong></span> <span class='ocrx_word' id='word_1_148' title='bbox 2591 3549 2694 3625; x_wconf 87' lang='lat' dir='ltr'><strong><em>ita</em></strong></span> 
     </span>
     <span class='ocr_line' id='line_1_22' title="bbox 448 3665 2689 3764; baseline -0 -23"><span class='ocrx_word' id='word_1_149' title='bbox 448 3668 786 3742; x_wconf 84' lang='lat' dir='ltr'><strong><em>caeditur</em></strong></span> <span class='ocrx_word' id='word_1_150' title='bbox 813 3668 891 3742; x_wconf 90' lang='lat' dir='ltr'><strong><em>in</em></strong></span> <span class='ocrx_word' id='word_1_151' title='bbox 920 3667 1393 3743; x_wconf 87' lang='lat' dir='ltr'><strong><em>interioribus</em></strong></span> <span class='ocrx_word' id='word_1_152' title='bbox 1427 3665 1760 3740; x_wconf 87' lang='lat' dir='ltr'><strong><em>versibus</em></strong></span> <span class='ocrx_word' id='word_1_153' title='bbox 1793 3672 1877 3742; x_wconf 93' lang='lat' dir='ltr'><strong><em>ut</em></strong></span> <span class='ocrx_word' id='word_1_154' title='bbox 1906 3665 2419 3764; x_wconf 87' lang='lat' dir='ltr'><strong><em>inaequalibus</em></strong></span> <span class='ocrx_word' id='word_1_155' title='bbox 2457 3688 2689 3742; x_wconf 91' lang='lat' dir='ltr'><strong><em>mem-</em></strong></span> 
     </span>
     <span class='ocr_line' id='line_1_23' title="bbox 449 3782 2587 3882; baseline -0 -24"><span class='ocrx_word' id='word_1_156' title='bbox 449 3784 610 3858; x_wconf 89' lang='lat' dir='ltr'><strong><em>bris</em></strong></span> <span class='ocrx_word' id='word_1_157' title='bbox 654 3790 727 3858; x_wconf 88' lang='lat' dir='ltr'><strong><em>et</em></strong></span> <span class='ocrx_word' id='word_1_158' title='bbox 753 3785 1094 3882; x_wconf 84' lang='lat' dir='ltr'><strong><em>strophas</em></strong></span> <span class='ocrx_word' id='word_1_159' title='bbox 1126 3789 1473 3881; x_wconf 85' lang='lat' dir='ltr'><strong><em>quattuor</em></strong></span> <span class='ocrx_word' id='word_1_160' title='bbox 1507 3805 1861 3857; x_wconf 88' lang='lat' dir='ltr'><strong><em>versuum</em></strong></span> <span class='ocrx_word' id='word_1_161' title='bbox 1898 3782 2080 3858; x_wconf 82' lang='lat' dir='ltr'><strong><em>vitet</em></strong></span> <span class='ocrx_word' id='word_1_162' title='bbox 2116 3790 2191 3860; x_wconf 86' lang='lat' dir='ltr'><strong><em>et</em></strong></span> <span class='ocrx_word' id='word_1_163' title='bbox 2224 3784 2587 3860; x_wconf 85' lang='lat' dir='ltr'><strong><em>duorum:</em></strong></span> 
     </span>
    </p>
   </div>
   <div class='ocr_carea' id='block_1_7' title="bbox 616 3982 2469 4451">
    <p class='ocr_par' dir='ltr' id='par_1_7' title="bbox 938 3982 2038 4059">
     <span class='ocr_line' id='line_1_24' title="bbox 938 3982 2038 4059; baseline -0.002 -11"><span class='ocrx_word' id='word_1_164' title='bbox 938 3985 1367 4059; x_wconf 83' lang='lat' dir='ltr'><strong><em>Sauvez-moi‚</em></strong></span> <span class='ocrx_word' id='word_1_165' title='bbox 1392 4002 1740 4047; x_wconf 82' lang='lat' dir='ltr'><strong><em>conservez</em></strong></span> <span class='ocrx_word' id='word_1_166' title='bbox 1769 4003 1859 4045; x_wconf 90' lang='lat' dir='ltr'><strong><em>un</em></strong></span> <span class='ocrx_word' id='word_1_167' title='bbox 1887 3982 2038 4046; x_wconf 88' lang='lat' dir='ltr'><strong><em>bras</em></strong></span> 
     </span>
    </p>

    <p class='ocr_par' dir='ltr' id='par_1_8' title="bbox 618 4083 2469 4259">
     <span class='ocr_line' id='line_1_25' title="bbox 618 4083 2469 4163; baseline -0.003 -15"><span class='ocrx_word' id='word_1_168' title='bbox 618 4086 736 4159; x_wconf 88' lang='lat' dir='ltr'><strong><em>Qui</em></strong></span> <span class='ocrx_word' id='word_1_169' title='bbox 766 4084 948 4147; x_wconf 89' lang='lat' dir='ltr'><strong><em>lance</em></strong></span> <span class='ocrx_word' id='word_1_170' title='bbox 979 4089 1160 4146; x_wconf 89' lang='lat' dir='ltr'><strong><em>votre</em></strong></span> <span class='ocrx_word' id='word_1_171' title='bbox 1196 4084 1447 4158; x_wconf 83' lang='lat' dir='ltr'><strong><em>foudre‚</em></strong></span> <span class='ocrx_word' id='word_1_172' title='bbox 1470 4101 1559 4144; x_wconf 90' lang='lat' dir='ltr'><strong><em>un</em></strong></span> <span class='ocrx_word' id='word_1_173' title='bbox 1587 4090 1807 4145; x_wconf 86' lang='lat' dir='ltr'><strong><em>amant</em></strong></span> <span class='ocrx_word' id='word_1_174' title='bbox 1830 4083 1940 4162; x_wconf 91' lang='lat' dir='ltr'><strong><em>qui</em></strong></span> <span class='ocrx_word' id='word_1_175' title='bbox 1967 4100 2131 4144; x_wconf 85' lang='lat' dir='ltr'><strong><em>vous</em></strong></span> <span class='ocrx_word' id='word_1_176' title='bbox 2151 4100 2354 4163; x_wconf 81' lang='lat' dir='ltr'><strong><em>venge</em></strong></span> <span class='ocrx_word' id='word_1_177' title='bbox 2380 4083 2394 4142; x_wconf 77' lang='lat'>1</span> <span class='ocrx_word' id='word_1_178' title='bbox 2445 4084 2469 4158; x_wconf 83' lang='grc' dir='ltr'><strong><em>ΙΙ</em></strong></span> 
     </span>
     <span class='ocr_line' id='line_1_26' title="bbox 939 4182 2203 4259; baseline -0.002 -16"><span class='ocrx_word' id='word_1_179' title='bbox 939 4183 1175 4244; x_wconf 85' lang='lat' dir='ltr'><strong><em>Mourir</em></strong></span> <span class='ocrx_word' id='word_1_180' title='bbox 1205 4201 1354 4243; x_wconf 83' lang='lat' dir='ltr'><strong><em>sans</em></strong></span> <span class='ocrx_word' id='word_1_181' title='bbox 1379 4183 1562 4243; x_wconf 89' lang='lat' dir='ltr'><strong><em>vider</em></strong></span> <span class='ocrx_word' id='word_1_182' title='bbox 1589 4200 1741 4243; x_wconf 87' lang='lat' dir='ltr'><strong><em>mon</em></strong></span> <span class='ocrx_word' id='word_1_183' title='bbox 1773 4182 2071 4259; x_wconf 91' lang='lat' dir='ltr'><strong><em>carquois</em></strong></span> <span class='ocrx_word' id='word_1_184' title='bbox 2106 4182 2118 4241; x_wconf 79' lang='lat'>1</span> <span class='ocrx_word' id='word_1_185' title='bbox 2180 4183 2203 4258; x_wconf 84' lang='grc' dir='ltr'><strong><em>ΙΙ</em></strong></span> 
     </span>
    </p>

    <p class='ocr_par' dir='ltr' id='par_1_9' title="bbox 616 4278 2459 4451">
     <span class='ocr_line' id='line_1_27' title="bbox 616 4278 2459 4362; baseline -0.003 -18"><span class='ocrx_word' id='word_1_186' title='bbox 616 4282 782 4345; x_wconf 85' lang='lat' dir='ltr'><strong><em>Sans</em></strong></span> <span class='ocrx_word' id='word_1_187' title='bbox 810 4299 1059 4362; x_wconf 85' lang='lat' dir='ltr'><strong><em>percer‚</em></strong></span> <span class='ocrx_word' id='word_1_188' title='bbox 1081 4298 1235 4341; x_wconf 90' lang='lat' dir='ltr'><strong><em>sans</em></strong></span> <span class='ocrx_word' id='word_1_189' title='bbox 1265 4281 1492 4354; x_wconf 86' lang='lat' dir='ltr'><strong><em>fouler,</em></strong></span> <span class='ocrx_word' id='word_1_190' title='bbox 1513 4298 1667 4341; x_wconf 89' lang='lat' dir='ltr'><strong><em>sans</em></strong></span> <span class='ocrx_word' id='word_1_191' title='bbox 1691 4280 1895 4360; x_wconf 72' lang='lat' dir='ltr'><strong><em>petriz·</em></strong></span> <span class='ocrx_word' id='word_1_192' title='bbox 1923 4278 2084 4339; x_wconf 87' lang='lat' dir='ltr'><strong><em>dans</em></strong></span> <span class='ocrx_word' id='word_1_193' title='bbox 2107 4279 2249 4339; x_wconf 88' lang='lat' dir='ltr'><strong><em>leur</em></strong></span> <span class='ocrx_word' id='word_1_194' title='bbox 2267 4278 2459 4357; x_wconf 78' lang='lat' dir='ltr'><strong><em>sange</em></strong></span> 
     </span>
     <span class='ocr_line' id='line_1_28' title="bbox 941 4376 2235 4451; baseline -0.004 -9"><span class='ocrx_word' id='word_1_195' title='bbox 941 4379 1060 4442; x_wconf 88' lang='lat' dir='ltr'><strong><em>Ces</em></strong></span> <span class='ocrx_word' id='word_1_196' title='bbox 1087 4378 1458 4441; x_wconf 85' lang='lat' dir='ltr'><strong><em>bourreaux</em></strong></span> <span class='ocrx_word' id='word_1_197' title='bbox 1480 4377 1961 4442; x_wconf 85' lang='lat' dir='ltr'><strong><em>barbouilleurs</em></strong></span> <span class='ocrx_word' id='word_1_198' title='bbox 1983 4377 2060 4440; x_wconf 94' lang='lat' dir='ltr'><strong><em>de</em></strong></span> <span class='ocrx_word' id='word_1_199' title='bbox 2091 4376 2235 4451; x_wconf 78' lang='lat' dir='ltr'><strong><em>loiS‚</em></strong></span> 
     </span>
    </p>
   </div>
   <div class='ocr_carea' id='block_1_8' title="bbox 426 4617 1184 4782">
    <p class='ocr_par' dir='ltr' id='par_1_10' title="bbox 426 4617 1184 4782">
     <span class='ocr_line' id='line_1_29' title="bbox 426 4617 1184 4706; baseline -0.001 -31"><span class='ocrx_word' id='word_1_200' title='bbox 426 4701 433 4706; x_wconf 27' lang='grc' dir='ltr'>Ι</span> <span class='ocrx_word' id='word_1_201' title='bbox 533 4617 611 4692; x_wconf 79' lang='grc'><strong><em>(1)</em></strong></span> <span class='ocrx_word' id='word_1_202' title='bbox 647 4619 905 4689; x_wconf 73' lang='lat' dir='ltr'><strong><em>Augusto</em></strong></span> <span class='ocrx_word' id='word_1_203' title='bbox 930 4617 1184 4676; x_wconf 73' lang='lat' dir='ltr'><strong><em>Bal-bier.</em></strong></span> 
     </span>
     <span class='ocr_line' id='line_1_30' title="bbox 534 4705 1143 4782; baseline 0.005 -17"><span class='ocrx_word' id='word_1_204' title='bbox 534 4708 613 4782; x_wconf 77' lang='grc' dir='ltr'><strong><em>(Ξ)</em></strong></span> <span class='ocrx_word' id='word_1_205' title='bbox 651 4706 847 4766; x_wconf 73' lang='lat' dir='ltr'><strong><em>Andre</em></strong></span> <span class='ocrx_word' id='word_1_206' title='bbox 872 4705 1143 4768; x_wconf 78' lang='lat' dir='ltr'><strong><em>Cheuier.</em></strong></span> 
     </span>
    </p>
   </div>
  </div>
 </body>
</html>
