3616 5887
1317 627 1710 721 ...15-

559 779 686 841 Son
711 779 959 842 Altesse
1298 778 1335 838 3
1746 774 1892 848 Sus,
1925 796 2026 836 ma
2058 775 2209 852 bete,
2446 779 2604 861 1÷2

558 867 706 930 Bit:
732 878 757 950 s
788 868 1110 943 Comtesse‚
1240 867 1396 937 142
1750 866 1839 927 De
1869 866 2056 945 sacon
2490 872 2527 930 3

557 957 677 1020 J'ai
709 960 1000 1021 tristesse
1303 958 1340 1016 3
1753 956 1888 1027 Que
1922 958 1988 1033 je
2018 958 2147 1018 sete
2493 962 2534 1018 3Ἰ

558 1048 635 1109 Et
664 1049 918 1113 souei...
1299 1047 1335 1106 3
1752 1046 1834 1107 Ce
1860 1046 2105 1126 grison.
2492 1050 2529 1109 3

1230 1212 1491 1294 Μοίηεε,
1526 1212 1546 1287 Ι
1576 1216 1814 1298 vierqes
2429 1218 2585 1290 241
2644 1307 2648 1311 ¹

1231 1316 1574 1376 Porteront
2491 1318 2529 1377 3

1228 1405 1316 1465 De
1348 1404 1589 1486 grands
1620 1404 1868 1484 cierges
1886 1448 1898 1464 .
1919 1447 1962 1465 ..
2262 1432 2270 1451 κ
2492 1408 2529 1466 3

497 1607 576 1678 In
681 1605 795 1678 his
887 1605 1395 1702 superioribus
1451 1604 1823 1694 versibuS‚
1884 1603 2112 1680 trium
2185 1605 2649 1703 syllabarum

395 1728 705 1825 σύστημα
735 1744 885 1796 non
917 1721 1063 1796 nisi
1096 1720 1171 1796 in
1209 1728 1237 1794 1
1278 1738 1374 1803 -ι-
1403 1726 1446 1795 2
1487 1726 1613 1796 aut
1653 1726 1696 1794 2
1727 1741 1823 1803 -ι-
1861 1726 1889 1795 1
1925 1721 2159 1819 frangi
2198 1728 2467 1819 potest.
2499 1724 2648 1798 No-

397 1847 702 1922 tabilior
740 1847 1063 1923 fractura
1101 1846 1176 1921 in
1225 1846 1341 1920 his
1369 1846 1563 1921 infra
1592 1846 1885 1924 citatis:
1935 1871 2153 1946 saepe
2205 1847 2425 1923 etiam
2468 1849 2650 1923 haec

400 1989 590 2062 quae
628 1965 826 2039 intra
864 1986 1164 2040 versum
1197 1963 1394 2039 cadit
1425 1988 1680 2062 pausa,
1730 1964 2030 2062 longior
2059 1971 2173 2040 est
2204 1987 2423 2062 quam
2459 1986 2646 2064 quae

395 2081 596 2156 inter
626 2107 887 2157 versus
924 2108 942 2157 ε

673 2278 739 2342 Il
765 2280 917 2363 fuit,
952 2278 1283 2361 [ε’έῐαηεε,
1680 2280 2057 2361 D’etranges
2088 2281 2367 2362 syllabes

675 2371 830 2432 Puis
857 2389 936 2432 en
963 2371 1245 2433 cadence
1689 2372 1865 2431 Nous
1894 2371 2202 2432 viennent
2224 2390 2442 2447 encor‚

674 2459 801 2521 Sur
826 2479 913 2521 un
940 2460 1093 2540 pied
1121 2461 1320 2522 danse
1679 2457 1932 2534 Ainsi‚l
1961 2459 2062 2522 des
2090 2459 2325 2524 Arabes

675 2551 772 2612 Au
800 2550 961 2613 bout
987 2551 1140 2612 d'un
1171 2551 1306 2613 ssot.
1679 2550 1908 2623 Quand
1940 2569 2143 2614 sonne
2162 2553 2221 2615 le
2246 2571 2432 2617 cor...

832 2702 1299 2766 C'estl’essaim
1332 2703 1445 2765 des
1474 2703 1653 2781 Djins
1682 2704 1793 2783 qui
1823 2722 2017 2784 passe

833 2795 909 2855 Et
934 2793 1379 2855 tourbillonne
1414 2811 1490 2855 en
1526 2793 1788 2855 sifssant.

829 2882 944 2945 Les
974 2884 1083 2966 iss,
1117 2885 1142 2959 l
1165 2903 1283 2967 que
1301 2880 1435 2946 leur
1455 2880 1558 2945 vol
1579 2883 1877 2965 sulcasse,

834 2974 1159 3055 Craquent
1184 2993 1432 3037 comme
1460 2993 1548 3036 un
1577 2976 1689 3054 pin
1716 2975 2051 3037 brulant...

828 3120 920 3185 Ils
944 3130 1082 3185 sont
1109 3129 1316 3207 passas
1342 3122 1364 3185 !
1385 3133 1410 3206 l
1449 3122 1611 3184 Leur
1641 3122 1889 3185 cohorte

829 3211 1113 3276 S'envole
1135 3221 1192 3275 et
1211 3213 1365 3296 fuit,
1391 3213 1484 3289 let
1516 3213 1679 3274 leurs
1699 3212 1878 3295 pieds

830 3304 1098 3367 Cessent
1126 3304 1206 3365 de
1236 3303 1448 3365 battre
1494 3321 1598 3365 ma
1618 3307 1805 3383 porte

833 3394 921 3456 De
953 3393 1129 3480 leurs
1159 3412 1364 3474 eoups
1394 3392 1777 3473 multiplies.

484 3587 811 3677 Quorum
841 3612 1194 3665 versuum
1227 3587 1305 3662 in
1332 3588 1448 3661 his
1484 3610 1670 3685 quos
1703 3585 2028 3683 obliquis
2059 3584 2327 3662 litteris
2360 3590 2647 3664 notavi-

388 3728 585 3796 mUS,
613 3729 879 3782 sensus
897 3731 1064 3782 cum
1099 3730 1317 3781 versu
1352 3705 1755 3795 discordat,
1788 3703 1867 3777 in
1896 3703 2162 3778 ceteris
2192 3706 2592 3781 concordat
2623 3732 2641 3797 ;

382 3845 550 3897 cum
587 3823 960 3897 discordat
1016 3822 1478 3897 intermissio
1520 3827 1658 3909 est,
1703 3821 1860 3896 sive
1901 3820 2135 3918 quies,
2185 3820 2341 3896 sive
2385 3846 2641 3920 pausa,

380 3963 531 4015 non
583 3965 889 4034 caesura,
937 3964 1111 4016 nam
1179 3942 1361 4014 haec
1425 3964 1567 4015 vox
1629 3964 1912 4013 caesura
1966 3947 2091 4014 aut
2159 3938 2362 4013 omni
2423 3964 2644 4017 sensu

379 4080 611 4133 vacua
637 4064 750 4133 est
769 4062 893 4133 aut
916 4060 1050 4133 has
1071 4064 1363 4133 tan-tum
1392 4080 1660 4155 pausas
1688 4055 2023 4152 designat
2050 4079 2236 4152 quae
2268 4058 2643 4133 nonnullis

380 4173 674 4272 legibus
743 4175 1137 4251 adstrictae
1196 4179 1397 4263 sunt,
1467 4174 1697 4249 immo
1757 4195 1944 4270 quae
2015 4172 2120 4248 ita
2182 4173 2643 4250 necessariae

381 4298 581 4382 sunt,
629 4297 709 4368 ut
750 4292 908 4367 sine
931 4292 1082 4370 illis
1128 4316 1338 4368 versu
1380 4314 1735 4367 numerus
1773 4290 1994 4366 absit.

476 4408 767 4482 Etenim
836 4409 914 4484 in
1005 4409 1120 4484 his
1200 4408 1580 4498 brevibuS‚
1678 4430 1866 4506 quos
1955 4405 2199 4499 citavi,
2278 4406 2642 4500 versibuS‚

382 4547 614 4622 pausa
674 4551 939 4602 sensus
1007 4529 1191 4603 adeo
1250 4543 1400 4602 non
1464 4525 1810 4623 exigitur,
1871 4529 1950 4598 ut
2019 4548 2189 4598 rara
2254 4524 2399 4616 sit:
2466 4525 2644 4625 quid

376 4641 678 4718 multa?
753 4644 868 4719 his
935 4669 1200 4721 sensus
1261 4640 1941 4719 intermissionibus
2008 4640 2199 4717 nihil
2261 4667 2429 4718 cum
2491 4668 2643 4718 mea
