3616 5887
1375 620 1770 687 ...61-

924 765 975 826 Ο
1006 766 1211 828 Roma
1239 765 1497 840 nobiliS‚
1537 766 1550 845 Ι
1608 761 1786 830 erbis
1813 774 1878 830 et

929 864 1322 927 Cunctorum
1353 864 1612 927 urbium
1647 866 1658 945 Ι
1697 867 1894 930 excell

928 964 1136 1026 Roseo
1167 970 1524 1045 martyrum
1562 965 1572 1045 Ι
1609 967 1894 1044 sanguin

925 1062 1105 1125 Albis
1136 1068 1195 1125 et
1224 1064 1546 1144 virginum
1581 1067 1598 1144 Ι
1628 1064 1784 1128 liliis
1811 1083 1894 1129 caJ

929 1162 1214 1225 Salutem
1255 1163 1531 1226 dicimus
1568 1164 1578 1245 Ι
1613 1163 1756 1239 tibi,
1780 1182 1894 1244 per

927 1262 1015 1323 Te
1043 1262 1511 1342 benedicimus»,
1553 1264 1566 1342 Ι
1602 1264 1804 1341 salve,
1837 1284 1894 1344 p«

436 1563 529 1637 In
576 1561 692 1637 his
728 1561 1068 1639 versibus
1107 1567 1174 1637 1·
1204 1585 1354 1638 non
1415 1563 1563 1638 iam
1594 1568 1894 1639 accentu

438 1703 665 1770 rum3
711 1704 880 1755 nam
912 1682 1320 1756 caeduntur
1358 1681 1585 1756 medii
1626 1704 1886 1756 versus

41 1867 44 1871 .
430 1797 766 1897 'singulis
800 1798 1139 1874 versibus
1180 1798 1628 1891 sufficerent,
1662 1796 1726 1874 si
1747 1821 1894 1872 aem

37 1889 46 2021 ι
443 1915 780 1991 ferirent.
848 1920 928 1988 2⁰
962 1921 1325 1992 Accentus
1360 1916 1655 1991 videtur
1699 1939 1852 1991 non
1893 1960 1894 1969 κ

35 2059 38 2063 ·
449 2033 519 2107 si
545 2034 783 2108 adhuc
802 2039 1043 2109 certos
1073 2035 1499 2127 verborum,
1524 2057 1884 2133 occupare

448 2156 694 2227 certos
731 2149 1129 2229 verborum
1169 2152 1372 2251 loces
1408 2160 1488 2228 ut
1585 2152 1589 2159 ’

25 2379 43 2530 P
896 2377 945 2441 Ο
976 2381 1180 2442 Reme.
1208 2381 1465 2457 nobilis,
1500 2381 1677 2443 Orbis
1721 2385 1784 2443 et
1811 2381 1893 2443 do

18 2638 37 2741 ἓ
450 2596 757 2688 apparet
794 2615 1054 2666 versus
1094 2594 1302 2690 quasi
1358 2593 1432 2666 in
1465 2594 1689 2691 pedes
1732 2617 1894 2691 sepe

456 2730 600 2803 que
622 2730 770 2782 non
785 2714 985 2783 certo
1022 2708 1186 2783 loco
1217 2715 1599 2785 accentum
1633 2710 1894 2797 habet3

455 2847 630 2922 pars
659 2848 948 2914 versuS,
975 2825 1204 2900 trium
1245 2826 1729 2925 syllabarum,
1775 2826 1894 2900 sim

707 3028 931 3091 Iletait
966 3031 977 3108 Ι
1015 3047 1126 3090 sur
1158 3048 1279 3092 son
1308 3031 1463 3091 char
1495 3030 1508 3109 Ι
1545 3048 1650 3092 ses
1679 2990 1844 3092 amis
1879 3029 1892 3110 Ι

816 3130 853 3189 3
1229 3131 1266 3190 3
1708 3131 1745 3190 3

561 3362 633 3430 3⁰
673 3358 809 3432 Pes
843 3357 996 3432 sive
1027 3383 1193 3456 pars
1234 3358 1460 3434 trium
1481 3359 1894 3457 syllabarut

460 3471 655 3570 gitur
690 3499 733 3549 a
771 3476 955 3572 pede
982 3475 1229 3574 aliqua
1256 3501 1479 3553 sensu
1507 3477 1888 3552 intermiss

460 3591 928 3684 terminatur,
974 3598 1046 3667 et
1084 3595 1480 3668 concordat
1519 3618 1686 3670 eum
1726 3596 1894 3669 verh

460 3707 1173 3801 inexcellentissima,
1217 3711 1492 3786 sufficit
1528 3718 1606 3788 ut
1652 3736 1795 3787 vox
1840 3737 1894 3786 r(

460 3824 633 3899 forti
682 3826 994 3924 syllaba,
1034 3828 1152 3902 vel
1191 3829 1411 3926 longa
1483 3854 1669 3926 quae
1716 3829 1880 3910 finit

461 3941 716 4040 incipit
749 3950 1210 4041 sequentem,
1254 3945 1407 4020 sive
1435 3947 1656 4021 modo
1680 3946 1894 4044 gallic

461 4057 539 4131 in
604 4058 708 4133 len
747 4060 1018 4135 indicet
1085 4064 1307 4136 finem
1371 4064 1606 4162 pedis,
1664 4065 1818 4138 sive

462 4173 683 4274 longa
725 4181 844 4251 tiss
869 4182 1161 4276 tempus
1192 4180 1287 4254 sit
1326 4179 1513 4256 forte
1551 4181 1748 4276 quod
1790 4204 1894 4278 pe«

564 4300 636 4367 4⁰
669 4294 878 4370 Unde
898 4302 1203 4395 apparet
1226 4303 1571 4373 accentus
1591 4297 1738 4372 iam
1760 4297 1894 4372 fere

497 4605 500 4608 .
536 4555 618 4628 (1)
657 4557 765 4616 Hic
791 4563 995 4616 versus
1020 4574 1135 4617 non
1164 4556 1408 4631 Racinii,
1451 4561 1548 4618 sed
1602 4561 1844 4633 quilibet
1873 4577 1890 4630 ;

466 4654 541 4702 110
560 4657 1016 4720 praesumeretur
1034 4651 1293 4723 quaestio
1320 4651 1390 4710 de
1420 4664 1677 4710 caesura.
