3616 5887
1913 676 2294 746 „10-

987 849 1200 902 secus
1224 850 1308 901 ac
1346 823 1753 900 infantibus
1792 823 1870 898 in
1900 825 2035 898 hoc
2060 824 2366 921 parvulo
2424 824 2837 924 horologio,
2894 824 3091 923 quod
3152 824 3228 902 in

983 944 1148 1020 sinu
1189 966 1444 1040 gerere
1493 941 1853 1031 solemuS,
1923 942 2228 1016 auditur
2286 942 2602 1017 bestiola
2663 967 2826 1018 sese
2879 966 3224 1020 movere:

987 1061 1255 1159 quippe
1296 1058 1421 1157 qui
1451 1057 1587 1133 hoc
1625 1059 1990 1134 humanae
2059 1058 2469 1135 industriae
2532 1082 2717 1158 opus
2766 1059 3224 1157 ignorantes,

989 1181 1287 1276 stupent
1328 1180 1575 1251 motus
1607 1175 1984 1274 aequales,
2028 1177 2408 1272 vitamque
2440 1182 2512 1251 et
2550 1176 2924 1276 palpitans
2960 1200 3226 1277 corpus

992 1293 1433 1392 suspiciunt.
3195 1322 3200 1326 ·

983 1480 988 1486 .
1089 1411 1297 1502 Quod
1330 1409 1655 1508 primum
1696 1408 1914 1484 fuerit
1973 1409 2401 1485 hominibus
2437 1409 2764 1508 rhythmi
2821 1412 3224 1510 exemplar,

993 1527 1611 1624 supersedeamus
1670 1550 2051 1624 quaerere.
2123 1527 2209 1600 Et
2249 1528 2640 1625 rhythmus
2718 1535 2831 1603 est
2890 1528 2967 1602 in
3007 1545 3231 1605 vena-

995 1669 1158 1720 rum
1237 1644 1485 1743 pulsu,
1566 1645 1640 1717 in
1725 1644 1971 1717 cordis
2062 1643 2569 1741 palpitatione,
2655 1645 2851 1719 unde
2925 1646 3231 1721 forsitan

995 1761 1269 1836 inferas
1325 1761 1673 1859 rhythmo
1710 1761 2197 1835 animantium
2247 1761 2469 1835 vitam
2513 1760 2969 1868 significari3
3046 1763 3227 1838 falso

995 1885 1289 1969 tamen,
1348 1901 1519 1952 nam
1552 1879 1837 1976 primus
1877 1877 2004 1951 ille
2058 1878 2279 1953 homo
2326 1877 2533 1952 rudis
2571 1880 2812 1953 adhuc
2860 1885 3125 1954 natura
3165 1885 3236 1953 et

996 1996 1320 2093 ingenio,
1394 1995 1511 2069 vel
1582 1993 1905 2069 hominis
1970 1994 2275 2068 alterius
2315 1994 2432 2068 vel
2478 1995 2824 2069 animalis
2861 1996 3232 2094 palpitans

894 2195 899 2198 ‚
998 2119 1253 2211 pectus
1305 2112 1547 2210 potuit
1607 2135 1752 2187 non
1790 2110 2404 2188 animadvertisse
2448 2139 2467 2202 3
2517 2112 2710 2209 finge
2772 2114 3236 2188 animadver-

999 2229 1210 2320 tisse,
1269 2229 1446 2326 quid
1511 2228 1712 2302 aliud
1765 2228 2010 2301 visum
2050 2236 2165 2301 est
2227 2228 2375 2302 vivi
2433 2234 2883 2304 structuram
2932 2238 3004 2307 et
3064 2254 3234 2305 san-

999 2345 1242 2442 guinis
1297 2345 1767 2420 diffusionem
1828 2344 2191 2440 ignoranti
2257 2368 2478 2440 quam
2541 2370 2811 2420 arcana
2876 2349 3237 2444 quaedam

998 2463 1379 2562 percussio
1445 2462 1655 2559 cujus
1735 2484 2034 2535 causam
2113 2461 2485 2558 ignoraret
2558 2467 2638 2538 ut
2696 2464 2993 2538 animali
3072 2465 3239 2538 vivo

995 2581 1245 2655 vivum
1278 2579 1479 2654 aliud
1511 2577 1786 2652 animal
1830 2578 2073 2651 inesse
2107 2578 2527 2654 miraretur.
2559 2581 2633 2654 Si
2664 2604 2918 2655 verum
2963 2581 3243 2678 disqui-

997 2722 1157 2772 rere
1195 2697 1427 2783 voles‚
1494 2694 1755 2793 primis
1810 2694 1961 2776 illis
1998 2683 2424 2770 hominibus
2466 2697 2858 2796 rhythmus
2896 2696 3236 2773 innotes-

995 2839 1159 2889 cere
1235 2813 1478 2910 coepit
1544 2835 1711 2886 cum
1775 2809 1851 2884 in
1926 2813 2406 2909 percussione
2471 2821 2793 2888 mentem
2861 2817 3235 2911 quandam

995 2938 1066 3006 et
1103 2931 1560 3006 voluntatem
1600 2931 1995 3026 agnoscere
2028 2929 2167 3003 sibi
2206 2930 2348 3004 visi
2396 2935 2615 3023 sunt3
2671 2932 2796 3029 qui
2837 2938 3237 3030 antequam

993 3049 1238 3124 cordis
1340 3046 1895 3144 palpitationem
1983 3047 2582 3139 intellexissent,
2694 3049 3237 3147 progredientis

994 3165 1392 3253 incessum,
1430 3163 1813 3260 aequalem
1843 3164 2126 3238 bestiae
2182 3163 2603 3261 indagantis
2642 3191 2950 3263 passum
3013 3191 3240 3240 nove-

993 3289 1211 3372 rant,
1269 3282 1518 3378 itaque
1583 3281 1844 3375 quovis
1905 3281 2131 3354 simili
2213 3305 2397 3357 sono
2450 3284 2711 3357 adesse
2778 3284 3235 3358 animantem

993 3399 1484 3473 indicabatur.

1088 3516 1220 3590 Hic
1269 3521 1514 3589 autem
1558 3520 1850 3611 oportet
1903 3514 2270 3589 subtiliter
2301 3513 2679 3590 discernas
2722 3541 2869 3591 non
2916 3517 3236 3592 eundem

989 3657 1153 3708 esse
1179 3633 1607 3731 rhythmum
1639 3632 1763 3728 qui
1804 3631 1996 3704 vitae
2037 3638 2174 3719 est,
2221 3636 2289 3704 et
2318 3632 2532 3706 illum
2563 3634 2689 3729 qui
2724 3635 2929 3707 artis,
2962 3635 3241 3731 Rhyth-

956 1735 984 1777 Ι

991 3774 1196 3824 mum
1238 3750 1418 3824 artis
1470 3750 1586 3821 hic
1644 3748 2201 3822 consideramus
2234 3772 2255 3839 3
2324 3748 2398 3821 in
2441 3773 2662 3845 passu
2697 3775 2932 3848 aequo
2972 3751 3235 3848 rhyth-
3349 3837 3360 3842 „

991 3889 1157 3940 mus
1180 3871 1316 3951 est,
1347 3889 1491 3939 non
1517 3864 1697 3937 artis
1720 3888 1741 3954 ;
1769 3864 2159 3961 rhythmus
2187 3869 2428 3938 autem
2459 3866 2637 3938 artis
2667 3866 2982 3941 imitatio
3003 3866 3230 3956 vitae;

987 3983 1378 4081 rhythmus
1408 3981 1634 4079 igitur
1655 3980 1836 4055 artis
1860 3980 1995 4054 erit
2017 4005 2165 4055 non
2201 3981 2262 4055 si
2292 3982 2506 4077 aequi
2527 4007 2791 4078 passus
2809 3985 3198 4058 discernen
3215 4027 3240 4039 -

985 4113 1133 4196 tur,
1195 4106 1324 4181 sed
1374 4128 1600 4202 quum
1647 4127 1910 4202 passus
1942 4103 2145 4200 ipsos
2186 4103 2260 4176 in
2305 4103 2534 4177 series
2587 4129 2860 4202 aequas
2890 4106 3176 4179 divides
3212 4130 3235 4197 3

986 4223 1216 4297 veluti
1264 4223 1325 4296 si
1382 4220 2031 4319 passus-syllabae
2068 4220 2219 4293 sint
2274 4227 2399 4295 aut
2465 4228 2822 4318 tempora,
2881 4246 3236 4319 passuum

987 4346 1233 4415 autem
1277 4341 1508 4414 series
1541 4339 1689 4411 sint
1723 4361 1985 4410 versus
2018 4362 2033 4425 3
2080 4336 2183 4409 ita
2211 4336 2285 4408 in
2316 4362 2538 4433 passu
2579 4362 2843 4436 passus
2878 4340 3036 4436 ipse
3060 4338 3235 4413 imi-

986 4464 1180 4532 tatur
1224 4483 1238 4531 :
1277 4459 1473 4531 unde
1505 4479 1626 4529 ars
1680 4460 1751 4528 et
1781 4472 2000 4527 verus
2038 4455 2456 4551 rhythmus,

1084 4575 1375 4648 Primus
1429 4573 1520 4645 ab
1553 4571 1836 4668 origine
1888 4572 2279 4669 rhythmus
2342 4572 2649 4645 forsitan
2692 4572 2768 4645 in
2827 4570 3222 4647 saltatione

988 4693 1149 4768 fuit.
1199 4693 1275 4767 In
1305 4690 1697 4768 saltatione
1728 4688 2052 4787 primum
2085 4713 2233 4780 arS,
2281 4689 2452 4783 quia
2481 4690 2855 4765 incessum
2895 4690 3231 4792 imitatur
