3616 5887
3212 8 3466 290 Ἴ

1870 654 2260 725 ...56-

941 802 1371 900 Sequuntur
1393 808 1466 877 et
1493 802 1916 899 virgiliani,
1977 802 2055 876 in
2094 800 2363 899 quibus
2398 806 2643 876 autem
2689 826 2839 884 non
2869 805 3204 878 trochai-

940 942 1102 992 cam
1134 925 1479 995 notamus
1538 918 1682 993 nisi
1733 941 1958 1015 quom
2012 940 2321 1016 pausam
2400 918 2653 1009 efficit,
2717 920 2891 1015 quia
2974 920 3212 995 aliter

938 1036 1312 1109 trochaica
1350 1059 1654 1110 caesura
1688 1035 1885 1132 apud
1916 1034 2216 1109 Latinos
2263 1033 2512 1109 minus
2562 1057 2868 1111 caesura
2933 1043 3079 1126 est,
3137 1034 3206 1109 si

941 1151 1131 1254 hanc
1169 1174 1336 1229 cum
1364 1174 1673 1227 caesura
1703 1149 2286 1255 uniussyllabae
2326 1174 2872 1248 comparamus·

943 1398 1016 1458 11
1063 1396 1255 1458 Arma
1273 1394 1338 1457 vi
1371 1392 1385 1473 Ι
1420 1410 1788 1474 rumqueca
1823 1392 1835 1474 Ι
1872 1410 1955 1454 no
1970 1391 2029 1477 ΙΙ
2043 1392 2192 1454 Troi
2227 1390 2242 1474 Ι
2276 1410 2353 1455 ae
2369 1392 2552 1477 {qui
2587 1395 2598 1464 Ι
2633 1393 2884 1473 primus
2900 1392 2981 1456 ab
3016 1395 3031 1473 Ι
3067 1394 3211 1457 oris

946 1493 1021 1555 12
1064 1494 1206 1555 Itali
1244 1493 1256 1573 Ι
1291 1511 1395 1554 am
1415 1489 1469 1577 Ι
1489 1495 1553 1554 fa
1588 1492 1598 1573 Ι
1638 1498 1699 1555 (ο
1717 1493 1776 1576 ΙΙ
1796 1493 1988 1571 profu
2026 1492 2035 1572 Ι
2073 1509 2195 1572 gus
2213 1488 2270 1573 Ι
2287 1492 2377 1553 La
2412 1491 2421 1572 Ι
2459 1493 2739 1571 vinaque
2776 1492 2786 1573 Ι
2823 1494 3001 1554 venit

946 1593 1021 1653 13
1065 1592 1316 1664 Litora;
1355 1594 1367 1670 Ι
1402 1590 1776 1662 ÷multum
1797 1591 1845 1651 il
1883 1590 1893 1670 Ι
1931 1590 1990 1651 16
2017 1595 2081 1651 et
2095 1587 2150 1668 ΙΙ
2167 1596 2265 1653 ter
2274 1589 2331 1674 Ι
2340 1590 2430 1652 ris
2454 1589 2510 1671 Ι
2537 1590 2635 1651 iac
2672 1590 2683 1671 Ι
2724 1594 2895 1653 tatus
2920 1597 2985 1653 et
3020 1590 3030 1669 Ι
3068 1590 3209 1653 alto

950 1693 1025 1750 14
1067 1690 1139 1749 Vi
1171 1706 1330 1768 supe
1355 1688 1366 1768 Ι
1388 1708 1558 1765 rum,
1571 1686 1625 1771 Ι
1639 1707 1747 1751 sae
1771 1685 1781 1769 Ι
1806 1701 1923 1751 v‘ae
1944 1685 2002 1771 ΙΙ
2027 1706 2240 1752 memo
2263 1689 2275 1773 Ι
2298 1708 2438 1751 rem
2450 1685 2504 1770 Ι
2516 1690 2586 1750 16
2610 1685 2620 1769 Ι
2645 1689 2836 1751 nonis
2867 1689 2949 1750 ob
2974 1687 2985 1770 Ι
3008 1689 3205 1766 iram,

947 1790 1023 1849 15
1066 1787 1262 1856 Multa
1282 1805 1411 1866 quo
1434 1785 1445 1869 Ι
1470 1805 1596 1867 que
1620 1787 1804 1848 ethel
1828 1786 1838 1867 Ι
1860 1787 1922 1848 lo
1942 1785 1999 1867 ΙΙ
2017 1805 2134 1866 pas
2157 1786 2166 1870 Ι
2192 1785 2546 1870 565.Ι(16111
2570 1784 2581 1870 Ι
2606 1787 2915 1852 conderet
2938 1784 2948 1869 Ι
2972 1788 3206 1849 urbem

948 1888 1025 1948 16
1065 1888 1270 1948 Inferr
1293 1887 1303 1968 Ι
1329 1892 1519 1966 etque
1551 1886 1630 1949 de
1654 1885 1665 1971 Ι
1690 1905 1762 1949 05
1789 1887 1847 1970 ΙΙ
1878 1886 2012 1949 Lati
2035 1884 2045 1963 Ι
2071 1904 2108 1948 o
2137 1881 2191 1969 Ι
2213 1898 2293 1959 -Ι-
2326 1904 2342 1964 ;
2381 1904 2584 1967 genus
2607 1887 2617 1965 Ι
2641 1886 2813 1948 unde
2845 1886 2967 1969 La!
2991 1888 3206 1949 tinum

947 1987 1021 2046 17
1069 1985 1232 2046 Alba
1265 1983 1276 2065 Ι
1315 1986 1510 2064 nique
1541 2004 1622 2064 pa
1661 1986 1671 2064 Ι
1710 1991 1843 2047 tres
1869 1981 1924 2065 ΙΙ
1948 1989 2014 2045 at
2049 1988 2061 2065 Ι
2099 2005 2225 2065 que
2258 1989 2425 2049 altae
2463 1986 2473 2065 Ι
2512 1986 2768 2047 moenia
2803 1987 2814 2066 Ι
2851 1988 3118 2049 Romae.

949 2086 1026 2146 18
1069 2086 1270 2160 Musa,
1298 2085 1385 2145 mi
1409 2081 1418 2165 Ι
1444 2085 1510 2144 hi
1529 2082 1582 2163 Ι
1610 2103 1730 2148 cau
1755 2083 1763 2162 Ι
1790 2103 1896 2146 sas
1909 2079 1966 2166 11
1983 2102 2191 2147 memo
2216 2085 2225 2169 Ι
2250 2104 2324 2148 ra
2346 2082 2420 2167 Ι,
2456 2103 2590 2166 quo
2626 2087 2640 2163 Ι
2677 2086 2941 2147 numine
2979 2086 2989 2165 Ι
3024 2086 3206 2147 laeso

951 2184 1026 2243 19
1070 2182 1318 2255 Quidve
1347 2184 1430 2245 do
1455 2183 1465 2263 Ι
1490 2183 1634 2245 lens
1652 2182 1791 2264 're
1830 2182 1838 2262 Ι
1876 2184 2030 2262 gina
2046 2181 2106 2260 ΙΙ
2124 2184 2202 2245 de
2239 2185 2253 2263 Ι
2290 2181 2474 2266 um}
2492 2188 2588 2245 tot
2623 2184 2633 2264 Ι
2670 2184 2928 2246 volvere
2965 2184 2975 2263 Ι
3013 2201 3205 2246 casus

946 2282 1028 2342 20
1069 2282 1200 2343 lusi
1237 2281 1247 2361 Ι
1284 2299 1474 2361 gnem
1495 2274 1553 2363 Ι
1579 2282 1685 2359 pie
1720 2283 1733 2362 Ι
1771 2285 1903 2343 tate
1923 2281 1979 2360 ΙΙ
2002 2282 2100 2342 vir
2136 2287 2146 2360 Ι
2183 2301 2293 2343 um
2319 2280 2393 2365 Ι,
2429 2287 2525 2344 tot
2579 2282 2661 2343 ad
2699 2285 2710 2357 Ι
2747 2282 2839 2344 ire
2865 2282 2930 2344 la
2966 2282 2975 2362 Ι
3012 2281 3205 2344 bores

948 2380 1023 2440 21
1071 2379 1317 2459 Impule
1341 2380 1351 2464 Ι
1376 2381 1460 2442 rit
1471 2377 1531 2462 Ι
1541 2397 1614 2446 —l—
1630 2382 1867 2444 Tantae
1878 2372 1932 2461 ΙΙ
1945 2398 2025 2442 ne
2046 2381 2155 2442 ani
2178 2378 2190 2464 Ι
2216 2382 2339 2442 mis
2349 2379 2407 2464 Ι
2422 2399 2535 2443 cae
2558 2378 2569 2466 Ι
2592 2380 2865 2442 lestibus
2889 2381 2899 2462 Ι
2923 2382 3057 2442 irae
3081 2382 3094 2440 l
3115 2379 3203 2462 (1)

1027 2618 1099 2692 (1)
1125 2619 1380 2688 Quorum
1409 2616 1829 2691 explicabimus
1849 2632 2157 2676 numerum
2186 2617 2450 2690 quotiens
2478 2632 2686 2690 operae
2716 2618 2967 2691 pretium
2996 2618 3205 2677 erit.—

953 2710 1005 2765 1.
1028 2711 1271 2766 caesura
1299 2721 1504 2765 versus
1532 2709 1799 2780 congruit
1829 2722 1962 2766 cum
1991 2722 2223 2766 caesura
2251 2709 2537 2766 trochaica
2564 2714 2621 2770 et
2648 2708 2764 2766 levi
2799 2723 2999 2767 sensus
3030 2709 3206 2766 inter-

952 2798 1239 2856 missione.
1258 2828 1328 2870 ·,··
1352 2791 1405 2856 Ξ.
1429 2798 1677 2856 Caesura
1694 2797 1902 2854 versus
1924 2798 2390 2869 penthemimeris
2418 2796 2704 2855 discordat
2717 2798 3204 2855 cumnotabiliore

952 2903 1153 2947 sensus
1205 2886 1625 2946 intermissione
1655 2904 1671 2955 ;
1741 2887 1837 2945 hic
1900 2901 2134 2945 caesura
2187 2901 2390 2945 versus
2454 2888 2638 2958 magis
2691 2892 2936 2946 accentu
2991 2893 3206 2947 constat

953 2992 1128 3049 quam
1155 2992 1335 3045 mora,
1366 2978 1500 3049 quia
1526 2977 1792 3049 congruit
1819 2992 1954 3035 cum
1979 2990 2213 3035 caesura
2265 2978 2442 3034 unius
2499 2977 2770 3048 syllabae,
2811 2978 2935 3035 sine
2969 2978 3201 3035 notabili
3246 2994 3249 2997 ’

953 3081 1151 3125 sensus
1197 3067 1642 3126 intermissione.
1683 3098 1753 3108 —
1798 3068 1854 3125 3.
1906 3066 2152 3125 Caesura
2205 3081 2410 3123 versus
2462 3067 2745 3124 discordat
2801 3082 2934 3124 cum
2990 3068 3205 3125 maiore

954 3172 1152 3215 sensus
1208 3157 1645 3226 intermissione,
1690 3171 1839 3229 quae
1898 3157 2165 3230 congruit
2221 3171 2355 3214 cum
2385 3171 2620 3215 caesura
2668 3156 3200 3229 hephthemimeri·;

956 3246 1186 3304 additur
1205 3248 1488 3304 trochaica
1511 3245 1571 3304 in
1602 3246 1821 3317 quinto.
1855 3275 1919 3288 —
1953 3247 2008 3302 4.
2049 3247 2293 3306 Caesura
2340 3261 2548 3305 versus
2576 3261 2709 3304 cum
2730 3246 2983 3305 maxima
3006 3261 3206 3305 sensus

956 3350 1116 3393 mora
1144 3351 1289 3407 quae
1319 3337 1479 3393 sitin
1527 3350 1702 3393 versu
1770 3336 2034 3408 congruit
2062 3356 2073 3401 ;
2100 3336 2282 3408 maJ‘or
2324 3340 2408 3393 est
2461 3350 2697 3394 caesura
2745 3350 2953 3394 versus
3033 3351 3204 3409 quam

959 3440 1227 3483 caesurae
1253 3425 1488 3482 secundi
1516 3429 1570 3482 et
1594 3425 1802 3497 quinti.
1832 3456 1902 3466 —
1938 3428 1991 3484 5.
2033 3425 2470 3483 Hemistichium
2497 3426 2765 3498 congruit
2794 3440 2927 3483 cum
2975 3427 3205 3497 penthe-
3240 3466 3245 3471 -

958 3516 1186 3572 mimeri
1219 3532 1236 3582 ;
1292 3515 1550 3586 sequitur
1578 3515 1769 3572 minor
1804 3529 2038 3572 caesura
2064 3515 2125 3573 in
2158 3520 2382 3587 quarto.
2415 3546 2482 3557 —
2503 3516 2556 3585 6,
2577 3518 2629 3584 7,
2652 3516 2706 3572 8.
2740 3515 2983 3574 Caesura
3008 3531 3208 3574 versus

954 3604 1218 3676 congruit
1274 3619 1408 3662 cum
1466 3605 1756 3661 trochaica
1788 3621 1804 3672 ;
1835 3604 2100 3676 sequitur
2137 3605 2195 3662 in
2216 3619 2389 3661 versu
2416 3619 2652 3662 caesura
2679 3604 2870 3662 minor
2899 3605 2959 3662 in
2981 3607 3202 3677 quinto.

960 3726 1030 3736 --
1066 3695 1120 3762 9,
1158 3694 1245 3751 10.
1288 3694 1532 3752 Caesura
1562 3693 1752 3750 minor
1782 3693 1844 3751 in
1875 3694 2126 3751 secundo
2159 3711 2174 3764 ;
2205 3708 2435 3752 caesura
2468 3709 2692 3760 versus,
2724 3709 3051 3766 congruens
3080 3710 3208 3753 cum

955 3785 1265 3848 trochaica,
1297 3783 1584 3841 discordat
1612 3797 1747 3840 cum
1775 3784 1992 3841 maiore
2017 3798 2217 3841 sensus
2250 3782 2673 3843 intermissione
2697 3799 2842 3856 quae
2898 3785 3208 3843 maximam

956 3888 1158 3931 versus
1209 3887 1508 3930 caesuram
1573 3871 1707 3930 facit
1748 3873 2294 3943 hephthemimerim
2321 3890 2338 3941 ;
2388 3874 2676 3931 decimum
2705 3879 2899 3932 autem
2956 3874 3209 3946 triparti-

959 3970 1082 4022 tum
1108 3963 1301 4021 dicere
1329 3962 1545 4020 licebit.
1575 3992 1648 4004 -
1678 3964 1763 4045 11.
1790 3962 2098 4020 Caesuram
2114 3978 2316 4021 versus
2345 3964 2605 4036 sequitur
2633 3964 2824 4021 minor
2852 3979 3114 4022 caesura.
3143 3995 3209 4005 —

963 4053 1144 4111 12-14.
1194 4052 1444 4112 Caesura
1496 4052 1846 4110 hemistichii
1897 4053 1958 4110 in
2027 4054 2470 4125 penthemimeri
2509 4053 2794 4111 discordat
2812 4069 2947 4112 cum
2972 4055 3203 4111 maiori-

962 4143 1085 4207 bus,
1121 4141 1167 4198 si
1191 4142 1522 4199 adsensum
1568 4147 1808 4214 spectas,
1833 4143 2084 4200 caesuris
2135 4143 2516 4201 trihemimeri
2573 4148 2631 4201 et
2679 4144 3193 4225 hephthemimeri.

962 4233 1251 4291 -413-15.
1291 4232 1533 4315 Caesura
1563 4247 1762 4290 versus
1788 4233 1977 4290 minor
2002 4233 2285 4291 discordat
2304 4248 2438 4290 cum
2460 4234 2674 4291 maiore
2705 4231 3202 4306 hephthemimeri.

965 4354 1035 4364 —
1066 4324 1151 4379 17.
1180 4322 1423 4380 Caesura
1473 4337 1672 4380 versus
1731 4337 1865 4380 cum
1912 4323 2347 4395 penthemimeri
2404 4328 2460 4381 et
2525 4324 2741 4381 maiore
2789 4338 2989 4381 sensus
3035 4339 3205 4396 pausa

969 4412 1255 4483 congruit.
1303 4442 1372 4452 --
1425 4413 1511 4469 18.
1566 4413 1807 4471 Caesura
1861 4428 2063 4470 versus
2098 4424 2103 4430 ’
2137 4413 2197 4471 in
2240 4413 2700 4484 penthemimeri,
2750 4413 3032 4471 discordat
3077 4429 3202 4471 cum

968 4503 1180 4559 maiore
1210 4515 1409 4558 sensus
1430 4517 1601 4572 pausa
1631 4518 1779 4575 quae
1805 4504 1976 4560 estin
2009 4504 2505 4574 hephthemimeri.
2545 4534 2601 4544 -
2629 4505 2715 4561 19.
2740 4490 2987 4562 Caesura
3013 4519 3206 4562 versus

973 4592 1031 4646 in
1061 4592 1343 4648 trochaica
1359 4591 1641 4653 discordat
1662 4607 1793 4648 cum
1824 4592 2076 4658 caesuris
2097 4592 2475 4648 trihemimeri
2493 4598 2547 4650 et
2573 4593 3050 4665 hephthemimeri
3065 4607 3204 4665 quae

972 4685 1301 4750 congruunt
1365 4694 1496 4738 cum
1582 4681 1795 4739 maiore
1861 4695 2060 4739 sensus
2137 4682 2557 4739 intermissione
2587 4697 2604 4750 ;
2654 4683 3009 4754 tripartitum
3055 4684 3206 4740 hunc
