3616 5887
1358 1292 1537 1363 Vlll.

715 1538 807 1588 DE
860 1535 1355 1586 DISCORDANTE
1408 1534 1553 1583 CUM
1608 1534 1828 1584 SENSU
1877 1532 2231 1582 CAESURA.

455 1762 791 1837 Secunda
826 1759 1118 1835 numeri
1160 1757 1415 1855 incipit
1473 1781 1831 1855 apparere
1875 1760 2115 1836 forma
2168 1788 2334 1838 cum
2387 1788 2604 1838 aures

363 1885 678 1968 nostrae,
725 1881 894 1967 data
928 1898 1065 1975 per
1094 1876 1393 1969 longam
1435 1876 2048 1951 consuetudinem
2087 1882 2177 1953 de
2214 1905 2441 1977 pausa
2481 1884 2609 1985 ¹¹2ss

364 1980 708 2071 mistichii
750 1986 1173 2079 securitate,
1223 1990 1624 2063 admittunt
1694 2016 1960 2065 sensus
2017 1986 2611 2070 intermissiones

358 2135 696 2186 caesurae
736 2121 965 2208 pausa
1002 2106 1508 2196 notabilioreS‚
1547 2131 1733 2201 quae
1756 2109 2237 2185 adventiciae
2260 2115 2609 2186 caesurae

366 2229 571 2335 fiunt,
600 2251 749 2301 non
767 2251 897 2300 eae
923 2233 1170 2299 tamen
1192 2247 1376 2318 quae
1393 2223 1894 2306 adnumerum
1914 2226 2038 2298 sed
2071 2226 2159 2299 ad
2179 2229 2609 2326 rhythmu-

365 2344 803 2440 pertinea'nt,
851 2366 985 2414 nec
1029 2337 1583 2413 hemistichium
1624 2340 1930 2416 omnino
1970 2343 2315 2416 aboleant
2354 2368 2612 2418 caesu-

369 2484 669 2557 ramque
701 2459 1021 2555 priorem
1065 2455 1360 2543 tollant,
1398 2454 1557 2526 sine
1601 2480 1743 2550 qua
1776 2480 2133 2532 numerus
2176 2465 2286 2533 est
2327 2447 2608 2534 nulluS.

251 2591 262 2605 '
371 2578 551 2650 Tum
587 2573 901 2648 dicimus
943 2595 1206 2645 sensus
1251 2590 1520 2667 pausas
1560 2595 1725 2645 cum
1781 2597 2089 2646 caesura
2153 2575 2608 2649 discordare.

471 2692 744 2765 Eadem
792 2690 938 2763 iam
978 2691 1054 2762 in
1087 2689 1514 2760 hexametro
1546 2711 1804 2760 sumus
1865 2692 2150 2786 experti
2186 2718 2206 2779 3
2252 2716 2420 2764 nam
2483 2716 2615 2766 nu-

377 2833 624 2883 merus
653 2832 785 2904 per
826 2812 1104 2879 aetates
1139 2810 1644 2901 perpetuatur,
1682 2829 1816 2878 nec
1843 2805 2034 2880 alius
2067 2815 2180 2880 est
2207 2809 2398 2905 apud
2430 2808 2619 2883 alios

375 2925 714 3023 populos.
753 2925 832 2998 In
876 2923 1305 2996 hexametro
1332 2920 1616 3017 primus
1686 2922 2078 3018 rhythmus
2147 2949 2312 2998 cum
2394 2949 2617 3001 sensu

375 3042 597 3139 pedes
642 3041 1115 3128 concordare,
1163 3039 1532 3110 secundus
1606 3037 2080 3129 discordare;
2132 3041 2416 3136 primus
2481 3058 2621 3116 nu-

375 3181 625 3231 merus
699 3180 959 3231 versus
1019 3176 1402 3227 caesuram
1462 3177 1625 3226 cum
1684 3155 1871 3249 pede
1918 3157 2400 3246 concordare,
2501 3182 2620 3231 se-

275 3327 281 3333 ·
376 3275 659 3348 cundus
737 3272 1208 3358 discordare3
1309 3269 1596 3366 primus
1664 3294 2047 3344 caesuram
2129 3295 2386 3345 versus
2450 3265 2617 3346 cum

377 3412 637 3463 sensus
671 3411 972 3481 caesura
996 3385 1471 3472 concordare,
1509 3385 1881 3459 secundus
1914 3387 2364 3460 discordare.
2405 3389 2618 3461 Parte

378 3505 545 3592 alia,
594 3505 880 3602 primus
949 3501 1231 3600 periodi
1272 3525 1625 3574 numerus
1695 3526 1955 3576 versus
2019 3504 2616 3577 terminationem

378 3646 541 3696 cum
583 3644 846 3695 sensus
915 3618 1436 3693 terminatione
1502 3620 1980 3704 concordare,
2036 3621 2412 3693 secundus
2468 3619 2620 3693 dis-

377 3739 705 3826 cordare,
735 3761 922 3834 quae
954 3760 1117 3809 cum
1153 3733 1477 3807 maxime
1515 3735 1866 3830 periodus
1921 3741 2062 3808 est.

474 3908 622 3980 Nec
651 3906 867 3979 aliter
923 3905 997 3977 in
1066 3903 1330 4000 gallico
1394 3927 1614 3975 versu
1684 3903 1968 3999 primus
2022 3928 2396 3993 ⁴numerus
2449 3928 2618 3978 cum

374 4049 637 4101 sensus
664 4046 891 4120 pausa
913 4043 1292 4093 caesuram
1311 4043 1738 4113 congruere,
1761 4021 2142 4093 secundus
2164 4021 2616 4093 discordare.

374 4144 751 4216 Addamus
814 4143 1060 4211 tamen
1099 4136 1211 4208 vel
1258 4135 1665 4230 antiquitus
1697 4134 1789 4233 (1)
1846 4160 1994 4209 non
2047 4137 2308 4234 viginti
2361 4161 2622 4211 versus

374 4251 534 4333 esse
584 4259 817 4330 factos
854 4255 929 4328 in
979 4252 1447 4327 hemistichia
1484 4276 1736 4324 caesos
1788 4250 1913 4350 (ita
1965 4253 2164 4326 enim
2210 4253 2615 4350 putabant),

444 4460 521 4534 (1)
564 4459 693 4514 Post
721 4454 1017 4512 saeculum
1045 4470 1123 4510 xv
1152 4454 1297 4521 dice,
1332 4468 1467 4509 nam
1517 4454 1577 4509 in
1615 4459 1874 4510 veterum
1923 4454 2218 4524 epicorum
2269 4451 2622 4509 carminibus

371 4551 493 4608 fe‘re
540 4562 656 4604 non
696 4545 883 4601 ullum
933 4544 1190 4614 reperias
1236 4558 1468 4600 versum
1521 4543 1581 4602 in
1633 4558 1745 4615 quo
1800 4559 1914 4600 non
1953 4543 2294 4599 concordent
2330 4555 2531 4597 sensus
2561 4545 2618 4596 et

374 4651 636 4698 caesuras
