3616 5887
3114 0 3531 292 *W

1937 675 2330 741 -44-

1093 827 1294 917 Quae
1333 848 1502 901 cum
1542 824 1644 899 ita
1675 823 1849 914 sint,
1879 819 2254 916 longiores
2284 820 2460 897 illae
2503 825 2849 921 strophae
2908 833 2983 899 et
3020 825 3263 900 nimis

988 943 1491 1043 inaequalium
1534 962 1887 1016 versuum
1944 938 2191 1012 minus
2245 939 2506 1037 lyricis
2542 941 2802 1014 metris
2857 942 3263 1039 propiores

989 1067 1164 1137 sunt
1201 1083 1423 1159 quam
1445 1057 1702 1133 liberis
1725 1056 1882 1130 illis
1919 1079 2392 1130 numerosam
2414 1080 2710 1154 prosam
2744 1057 3256 1150 imitantibuS,

990 1202 1178 1276 quos
1217 1174 1488 1252 fabulis
1540 1173 1817 1272 aptavit
1880 1171 2316 1262 FontaniuS,
2361 1173 2487 1269 qui
2560 1198 2728 1250 cum
2783 1175 3260 1251 confabulari

988 1294 1171 1369 velit
1208 1315 1376 1368 cum
1402 1291 1709 1380 lectore,
1740 1294 2061 1364 metrum
2090 1289 2250 1386 lege
2284 1314 2514 1388 prope
2538 1292 2869 1367 solutum
2898 1298 3255 1390 usurpat.
3533 1295 3534 1363 1

990 1409 1427 1486 Mirabiliter
1457 1407 1758 1506 quidem
1795 1429 2146 1480 versuum
2195 1405 2719 1503 inaequalitate
2747 1409 2982 1484 utitur
3004 1414 3085 1483 ut
3124 1433 3259 1483 res
3533 1415 3534 1502 1

975 1550 1340 1625 'expresse
1407 1524 1785 1622 depingat,
1869 1529 1949 1597 ut
1987 1530 2233 1598 motus
2264 1523 2685 1599 animorum
2752 1534 2826 1600 et
2878 1550 3254 1602 sensuum
3533 1541 3534 1548 ’

994 1642 1254 1717 metris
1307 1641 1691 1730 imitetur;
1728 1639 2035 1737 pictoris
2108 1638 2331 1735 igitur
2397 1664 2695 1715 carmen
2744 1642 3027 1739 pangit,
3088 1665 3254 1716 non

993 1758 1232 1858 lyrici.
1273 1758 1483 1847 Quod
1548 1756 1611 1831 si
1664 1756 1971 1854 lyricam
2011 1755 2115 1830 ita
2163 1757 2584 1831 affectasset
2626 1758 2951 1846 laudem,
3016 1756 3251 1854 plane

995 1875 1422 1951 erravisset.
1445 1875 1630 1948 Nam
1661 1873 2061 1946 maximam
2093 1873 2419 1971 rhythmi
2449 1873 2600 1947 vim
2633 1873 2991 1972 neglegit,
3023 1874 3099 1947 id
3138 1881 3267 1948 est

995 1992 1542 2066 discordantem
1570 2013 1738 2062 cum
1781 1989 2114 2063 numeris
2152 2013 2483 2079 sensum,
2520 1991 2641 2086 qui
2686 1991 2777 2064 ad
2812 2014 3257 2065 mensuram

996 2131 1262 2182 sensus
1291 2128 1592 2181 versum
1631 2111 1888 2180 contra
1930 2112 2142 2203 cogat
2177 2111 2305 2181 aut
2345 2107 2720 2197 extendat,
2746 2112 2903 2181 tum
2946 2107 3254 2182 brevio-

992 2249 1181 2312 rem,
1226 2232 1383 2299 tum
1414 2223 1856 2319 longiorem,
1924 2223 2026 2296 ita
2065 2228 2145 2297 ut
2184 2228 2502 2298 metrum
2544 2247 2811 2298 sensus
2850 2248 2998 2298 non
3065 2248 3250 2298 sen·

991 2366 1157 2417 sum
1183 2346 1503 2414 metrum
1534 2339 1908 2413 informet.
1946 2338 2156 2427 Quod
2190 2339 2252 2412 si
2283 2340 2373 2412 de
2400 2339 2646 2437 priore
2670 2365 2888 2415 versu
2912 2365 3064 2415 non
3093 2340 3257 2415 nisi

993 2457 1253 2557 paucis
1325 2456 1572 2530 verbis
1648 2479 1914 2529 sensus
1976 2457 2328 2545 exundet,
2416 2455 2870 2531 versiculum
2938 2457 3255 2532 brevem
3535 2462 3536 2473 ’

992 2575 1224 2650 addit.
1270 2574 1479 2648 Unde
1512 2572 1759 2647 minor
1796 2573 2188 2671 rhythmus
2222 2597 2243 2664 3
2274 2573 2668 2671 rhythmus
2723 2574 2920 2648 enim
2978 2580 3092 2649 est
3122 2574 3259 2647 vel

991 2691 1330 2789 aequalia
1366 2691 1660 2779 ducere,
1705 2689 1825 2764 vel
1863 2689 2283 2787 inaequalia
2349 2698 2708 2788 repetere,
2775 2692 2972 2789 quod
3041 2691 3255 2767 idem

992 2815 1106 2881 est
1146 2832 1167 2898 3
1211 2807 1414 2881 nulla
1443 2814 1688 2880 autem
1749 2806 1825 2880 in
1887 2806 2029 2894 his,
2076 2830 2261 2902 quos
2298 2813 2563 2881 vocant
2624 2807 2932 2896 liberOS,
2979 2806 3251 2881 metris

992 2924 1358 3022 repetitio.
1401 2923 1742 3000 Ceterum
1784 2923 2060 3021 optime
2089 2924 2522 3012 FontaniuS‚
2554 2924 2678 3021 qui
2706 2924 3021 3023 lyricum
3047 2948 3246 3022 opus

993 3066 1142 3116 non
1183 3040 1637 3116 affectaverit
1669 3068 1686 3112 ε
1714 3041 1909 3138 apud
1931 3040 2141 3115 illum
2173 3041 2430 3116 vivunt
2459 3042 2813 3117 dramatis
2845 3065 3246 3140 personae,
3537 3094 3538 3125 ¹

992 3158 1523 3253 colloquuntur
1591 3159 2001 3231 secundum
2070 3181 2348 3231 meram
2413 3167 2751 3233 naturam
2779 3183 2803 3252 3
2878 3158 3240 3234 materiae

993 3276 1383 3373 rhythmus
1424 3272 1742 3347 maxime
1773 3273 2088 3348 idoneus
2127 3275 2755 3350 accommodatur.
