3616 5887
1466 1266 1561 1340 IX

386 1535 543 1588 CUR
592 1536 814 1589 umus
852 1535 1376 1588 APPROBENTUR
1397 1534 1661 1587 ‘NovEM
1697 1534 1786 1587 m*
1817 1536 2144 1590 UNDECIM
2169 1538 2651 1593 sYLLABARUu

1384 1653 1686 1705 VERSUS.

508 1930 824 2006 Octonas
863 1928 1190 2028 syllabas
1229 1950 1378 2004 uno
1407 1933 1693 2019 tenore,
1739 1929 1901 2004 sine
1936 1953 2267 2023 caesura,
2300 1953 2638 2030 compre-

398 2048 630 2122 hendi
670 2047 972 2122 auribus
1008 2069 1227 2144 posse
1268 2045 1416 2122 iam
1455 2052 1673 2121 antea
1711 2047 2065 2122 diximus.
2111 2048 2348 2137 Quom
2390 2072 2643 2124 caesu-

398 2187 565 2239 ram
605 2164 950 2252 dicimuS,
994 2187 1143 2237 non
1189 2162 1357 2238 illas
1399 2161 1907 2260 significamus
1947 2164 2423 2241 secundarias
2458 2189 2645 2263 quae

398 2281 829 2356 accentibus
870 2278 1053 2355 solis
1084 2285 1456 2355 constant.
1515 2279 1857 2355 Ceterum
1913 2305 2064 2355 non
2113 2280 2641 2357 affirmaverim

396 2399 537 2472 has
562 2422 823 2473 versus
850 2403 1016 2474 octo
1056 2396 1384 2495 syllabas
1411 2397 1787 2472 numerari
1819 2420 2041 2496 posse
2068 2397 2245 2495 quin
2275 2397 2647 2494 fingamus

390 2514 473 2588 in
531 2514 781 2590 animo
808 2513 1227 2588 medianam
1269 2537 1652 2589 caesuram
1691 2540 1708 2606 ;
1757 2516 1886 2588 sed
1915 2514 2211 2589 brevior
2250 2514 2491 2588 adhuc
2529 2519 2645 2588 est

394 2652 661 2706 versus
700 2638 864 2707 octo
898 2629 1354 2728 syllabarum
1394 2654 1616 2728 quam
1656 2635 1739 2705 ut
1767 2654 2098 2721 caesura,
2134 2653 2356 2728 quam
2423 2628 2646 2726 fingi-

399 2770 573 2824 mus
596 2747 674 2821 in
701 2746 980 2837 animo,
1020 2745 1246 2821 verba
1277 2747 1645 2839 concidet,
1682 2746 1954 2844 lexque
1994 2746 2303 2821 metrica
2322 2746 2496 2845 fiat.¹

494 2864 895 2940 Veniamus
918 2863 1143 2960 igitur
1171 2865 1262 2939 ad
1285 2888 1548 2939 novem
1576 2863 2033 2964 syllabarum
2058 2863 2642 2941 conclusionem.

391 2982 554 3072 Qua
594 2982 878 3058 ratione
940 3004 1063 3055 eas
1127 2981 1686 3061 numerabimus
1730 3005 1998 3058 novem
2037 2982 2073 3055 Ἰ
2133 2981 2213 3056 Si
2266 3004 2645 3057 caesuram

393 3100 778 3196 exigemus
804 3102 975 3197 post
1004 3103 1341 3195 quartam
1384 3099 1460 3198 (4
1516 3114 1613 3180 -4-
1675 3096 1768 3196 5),
1812 3122 1963 3172 non
2031 3098 2191 3173 sine
2229 3097 2474 3180 taedio
2513 3097 2651 3173 ibit

390 3216 820 3314 rhythmus,
880 3237 1107 3313 quom
1156 3214 1541 3290 videamus
1605 3214 2229 3313 decasyllabicum
2265 3214 2512 3312 ipsum
2554 3213 2648 3289 ob

391 3332 726 3407 taedium
764 3355 998 3430 paene
1055 3329 1495 3407 exolevisse.
1543 3332 1617 3406 Si
1680 3338 1852 3430 post
1923 3329 2258 3428 quintam
2302 3336 2377 3429 (5
2406 3343 2504 3406 -t-
2540 3332 2648 3429 4),

389 3450 599 3524 idem
644 3448 976 3523 taedium
1009 3472 1030 3539 ;
1078 3471 1214 3522 nec
1246 3446 1494 3523 minus
1533 3448 1827 3523 taedeat
1865 3472 2127 3524 versus
2165 3449 2243 3522 in
2278 3452 2431 3522 tres
2471 3471 2642 3546 par·

389 3571 511 3641 tes
550 3565 903 3641 caedendi
930 3567 1130 3662 (3-÷-
1186 3568 1350 3646 3-l-
1383 3564 1503 3662 3);
1572 3565 1899 3663 optimus
1957 3564 2313 3640 caedendi
2380 3564 2649 3639 modus

393 3688 567 3784 post
605 3681 903 3758 tertiam
932 3683 997 3780 (3
1027 3698 1121 3762 -Ι-
1147 3679 1222 3778 6)
1270 3706 1694 3779 quanquam
1736 3682 2098 3779 superiori
2134 3704 2284 3755 non
2321 3680 2642 3755 multum

396 3798 790 3876 dissimilis
833 3802 900 3895 (3
932 3816 1028 3880 -l-
1054 3803 1097 3871 6
1129 3822 1230 3865 =
1261 3803 1301 3874 3
1336 3818 1425 3878 -ι-
1472 3798 1545 3897 (3
1584 3818 1679 3879 -4-
1720 3798 1833 3897 3);
1878 3822 2102 3895 quare
2139 3796 2375 3873 multo
2404 3797 2651 3895 potior

392 3914 603 3991 visus
641 3919 756 3992 est
788 3913 1377 4014 decasyllabicus
1418 3915 1591 4013 quia
1644 3938 1815 4013 pars
1854 3915 2058 4013 prior
2096 3919 2446 4012 quattuor
2498 3913 2653 4012 syl-

395 4038 589 4117 labis
675 4039 1088 4137 composita
1177 4038 1615 4116 secundaria
1701 4064 2009 4116 caesura
2092 4038 2327 4115 dividi
2401 4043 2656 4137 posset

399 4161 479 4258 (4
503 4183 605 4227 =
633 4159 676 4230 2
707 4176 803 4239 4-
843 4162 911 4252 2)
955 4158 1151 4232 unde
1179 4157 1481 4232 mollior
1506 4157 1940 4255 faciliorque
1978 4158 2396 4255 rhythmuS.

500 4355 684 4429 Item
719 4352 1046 4427 inventis
1084 4351 1570 4428 alexandrino
1594 4361 1664 4429 et
1699 4353 2266 4454 decasyllabico‚
2311 4376 2462 4430 non
2495 4352 2648 4450 pla-

399 4493 567 4545 cere
585 4469 826 4569 potuit
855 4468 1198 4544 undecim
1226 4468 1680 4566 syllabarum
1712 4494 2003 4561 versuS,
2024 4471 2146 4568 qui
2176 4492 2640 4567 quocumque

407 4588 632 4664 modo
658 4610 1033 4676 numereS‚
1074 4590 1203 4660 aut
1229 4584 1761 4661 alexandrinus
1801 4611 1953 4663 una
1991 4587 2418 4663 deminutus
2448 4585 2643 4661 vide·

402 4706 554 4794 tur,
597 4707 726 4781 aut
761 4699 1346 4800 decasyllabicus
1373 4714 1519 4777 una
1553 4725 1950 4778 numerum
1988 4702 2378 4778 excedens,
