3616 5887
1256 676 1653 748 -53—

321 828 780 917 discordare,
826 849 974 901 non
1040 830 1330 900 tantum
1397 823 1490 898 ad
1555 824 2056 900 numerandas
2102 849 2309 901 arses
2348 825 2578 901 tuisse

319 946 710 1023 inventum
738 966 761 1034 ;
807 965 978 1020 nam
1010 966 1217 1018 arses
1249 946 1320 1016 et
1352 964 1483 1040 per
1509 940 1906 1016 diaeresim
1950 949 2476 1019 numerantur:

1006 1148 1054 1158 .-
1158 1146 1207 1157 -—
1348 1134 1511 1166 -υυ

1007 1202 1245 1264 Armen
1281 1200 1294 1281 Ι
1335 1200 1539 1262 tarius
1574 1200 1589 1279 Ι
1621 1200 1774 1263 Afer
1805 1202 1822 1278 Ι

1312 1298 1352 1358 2
1397 1304 1477 1369 -l-
1520 1298 1579 1359 1.

313 1472 520 1547 Inest
579 1468 812 1566 igitur
887 1492 1021 1543 sua
1084 1464 1687 1573 discordantibus
1742 1465 2105 1563 voluptas.
2160 1468 2578 1567 Rhythmus

299 1592 432 1662 'est
467 1587 697 1685 pedes
738 1585 1074 1683 singulos
1136 1585 1272 1675 ire,
1324 1585 1719 1682 rhythmus
1777 1584 2003 1681 pedes
2043 1584 2237 1659 inter
2303 1609 2381 1660 se
2414 1587 2579 1660 'im-

315 1705 582 1803 plexos
625 1702 849 1777 necti.

415 1819 836 1893 Redeamus
911 1824 1159 1893 autem
1235 1818 1329 1891 ad
1385 1818 1930 1906 hexametrum,
1982 1841 2200 1915 quem
2249 1811 2574 1916 primum

314 1937 674 2011 finximus
717 1935 1029 2032 pedibus
1095 1934 1487 2008 disiunctis
1528 1933 1756 2008 fuisse
1795 1935 2324 2033 compositum,
2392 1957 2577 2031 quos

243 2076 248 2081 ·
317 2059 674 2150 separant
706 2077 834 2127 sex
863 2052 1283 2127 diaereses:

460 2243 680 2273 -υυ
813 2221 1381 2359 -υυΙ-υυ
1517 2241 1733 2272 -υυ
1870 2242 2088 2274 —uu
2223 2243 2442 2274 -υυ

460 2336 594 2347 -ι-
812 2336 945 2346 --ι
1164 2335 1295 2345 -υ-
1516 2334 1647 2345 --ι
1868 2335 2001 2345 --
2222 2336 2357 2348 ι--

316 2470 396 2545 Si
457 2493 719 2544 verum
780 2468 992 2558 dicis,
1095 2467 1348 2556 nullus
1415 2467 1535 2542 hic
1598 2492 1886 2543 versus.
1964 2469 2295 2544 Primum
2348 2472 2575 2569 igitur

316 2587 737 2662 curandum
775 2584 914 2659 fuit
952 2589 1035 2660 ut
1090 2590 1479 2681 appareret
1519 2584 1642 2660 ubi
1704 2608 1966 2661 versus
2011 2586 2400 2684 inciperet,
2448 2590 2574 2664 ubi

319 2704 750 2793 desineret3
810 2701 1007 2799 quod
1073 2700 1363 2775 efficere
1402 2701 1826 2799 potuissent
1887 2701 2223 2801 dactylus
2284 2728 2580 2803 semper

319 2821 653 2918 quintuS,
743 2840 1042 2916 semper
1104 2824 1357 2892 sextus
1450 2818 1878 2916 spondeus3
1950 2818 2200 2917 itaque
2275 2820 2420 2895 iam
2500 2823 2577 2896 in

316 2939 644 3013 Homero
687 2935 1089 3034 dactylicae
1157 2934 1667 3010 conclusiones
1727 2959 2040 3011 numero
2115 2942 2288 3012 sunt
2340 2939 2577 3014 multo

320 3056 601 3155 plures.
649 3053 794 3128 Sed
837 3051 1093 3127 utilius
1132 3058 1288 3127 erat
1338 3076 1639 3128 versum
1701 3052 1778 3126 in
1843 3053 2312 3129 hemistichia
2353 3079 2574 3153 sepa-

240 3257 245 3265 ,
318 3171 469 3246 rari
502 3197 523 3262 ;
583 3175 876 3269 oportet
937 3169 1135 3244 enim
1186 3175 1266 3244 ut
1332 3169 1547 3244 facile
1617 3193 1996 3258 numeres,
2056 3177 2127 3246 et
2175 3195 2436 3247 versus
2496 3173 2574 3247 in

318 3312 594 3385 aequas
636 3292 887 3386 partes
918 3309 1177 3360 caesus
1204 3285 1803 3384 simplicissimus
1838 3289 2276 3362 numerandi
2305 3291 2573 3365 modus

320 3413 457 3491 est,
504 3405 703 3478 idem
768 3405 862 3478 ad
918 3402 1355 3477 variandum
1423 3427 1751 3493 versum,
1796 3405 2200 3481 dummodo
2263 3410 2573 3504 utraque

320 3545 494 3619 pars
518 3520 698 3594 satis
722 3521 940 3618 longa
965 3519 1421 3595 secundariis
1453 3521 1782 3594 caesuris
1812 3526 2080 3616 pateat,
2107 3521 2566 3620 aptissimus,

324 3662 494 3712 nam
537 3661 882 3712 caesurae
928 3660 1113 3734 quae
1170 3636 1247 3709 in
1303 3641 1548 3735 partes
1591 3637 2016 3734 inaequales
2055 3662 2314 3713 versus
2379 3640 2570 3716 divi-

325 3756 539 3845 dunt,
583 3754 961 3827 fastidium
995 3753 1324 3827 trahunt.
1364 3755 1555 3828 Haec
1588 3759 1701 3828 est
1737 3777 2000 3828 versus
2032 3779 2361 3830 caesura.

420 3873 502 3944 In
562 3870 1008 3944 Graecorum
1066 3874 1313 3944 autem
1351 3894 1599 3958 versu,
1646 3871 1707 3944 si
1749 3871 1987 3946 maior
2023 3896 2286 3947 sensus
2340 3898 2570 3972 pausa

321 3989 795 4065 hemistichia
829 3994 1231 4088 separaret,
1263 3989 1366 4064 ita
1405 4013 1553 4064 non
1594 4015 1827 4066 unum
1884 4016 2179 4066 versum
2221 3993 2348 4067 sed
2383 3995 2568 4069 duos

321 4109 674 4182 efficeret.
709 4109 959 4203 Itaque
998 4130 1299 4180 necesse
1327 4107 1461 4181 fuit
1492 4113 1745 4204 poetas
1799 4107 2001 4183 aliud
2029 4109 2387 4199 invenire,
2424 4111 2569 4185 sci-

320 4223 497 4298 licet
542 4248 843 4299 versum
888 4224 991 4297 ita
1044 4244 1387 4322 separare
1427 4229 1507 4298 ut
1568 4224 1833 4300 leviter
1897 4249 2126 4323 pausa
2167 4250 2332 4300 cum
2382 4228 2567 4324 pede

323 4343 814 4431 discordaret,
853 4341 1136 4415 scilicet
1183 4342 1255 4413 in
1303 4342 1523 4417 tertio
1576 4344 1789 4440 pede,
1828 4347 1904 4417 ut
1955 4343 2016 4417 si
2054 4348 2388 4441 tempora
2418 4370 2565 4418 non

322 4458 813 4554 aequabiliter
877 4459 1324 4546 dividantur,
1396 4464 1565 4557 post
1637 4460 1930 4533 tertiam
2024 4466 2270 4534 tamen
2339 4463 2563 4537 arsim

325 4600 555 4674 pausa
587 4576 822 4649 cadat.
868 4574 999 4648 Hic
1039 4580 1151 4647 est
1180 4575 1783 4671 simplicissimus
1835 4601 2052 4673 quem
2104 4578 2565 4655 inveniamus

326 4692 519 4787 apud
560 4691 960 4766 Homerum
995 4713 1282 4764 versus.

3107 23 3130 28 γ-
3381 25 3427 33 τ.
