3616 5887
1326 689 1719 760 -31—

394 840 489 914 Ut
529 842 773 913 autem
797 838 1099 934 stropha
1126 836 1585 929 definiretur,
1632 838 2048 915 debuerunt
2079 864 2227 916 non
2253 842 2416 916 dico
2447 844 2650 918 inve-

395 956 583 1044 nire,
609 954 835 1029 sedin
857 955 1468 1029 consuetudinem
1489 959 1796 1043 vertere,
1826 959 2022 1054 quod
2040 959 2441 1034 necessitas
2468 984 2647 1036 non-

398 1073 572 1146 dum
636 1073 1114 1168 imposuerat,
1150 1071 1494 1169 voluptas
1551 1079 1797 1148 autem
1837 1083 2521 1172 praeoccupaverat,
2553 1119 2645 1135 --

390 1189 672 1264 scilicet
711 1195 1201 1281 consonantes
1232 1188 1334 1262 ita
1373 1188 1684 1296 miscere
1714 1194 1791 1264 ut
1818 1191 2013 1264 inter
2034 1215 2110 1266 se
2143 1202 2640 1287 occurrerent,

388 1312 473 1380 ut
510 1306 965 1380 alternarent
994 1286 1140 1380 '‘hoc
1196 1306 1452 1380 modo:
1515 1307 1646 1379 AB
1679 1308 1845 1398 ΑΒ,
1919 1306 2035 1382 vel
2072 1309 2247 1383 hoc:
2294 1311 2356 1384 A
2383 1310 2436 1382 B
2480 1312 2643 1386 BA.

386 1423 568 1498 Inde
610 1424 837 1497 nobis.
857 1422 1088 1521 lyrica
1124 1408 1498 1498 institutio
1527 1424 1797 1497 omnis.

489 1542 583 1616 Ut
621 1548 868 1616 autem
916 1543 1295 1640 stropham
1337 1541 1903 1630 constituerent,
1951 1542 2363 1640 imparibus
2417 1545 2647 1620 versi-

266 1701 270 1704 <
384 1658 527 1734 bus
583 1660 918 1756 quamvis
970 1660 1167 1734 binis
1225 1659 1837 1748 consonantibuS,
1876 1661 1982 1736 uti
2023 1662 2482 1758 potuissent;
2543 1664 2646 1740 ita

386 1781 586 1857 enim
619 1790 691 1855 et
722 1782 1089 1856 distichon
1116 1781 1606 1856 constitueres
1660 1784 1765 1870 12,
1805 1784 1876 1868 8,
1920 1786 2035 1870 12,
2081 1785 2151 1867 8,
2195 1786 2310 1871 12,
2354 1786 2424 1868 8,
2468 1788 2639 1872 etc„

388 1900 509 1972 vel
551 1905 624 1989 8,
658 1905 732 1988 4,
784 1904 852 1988 8,
902 1904 973 2005 4,
1017 1904 1086 1987 8,
1118 1905 1190 1986 4,
1228 1905 1403 1985 etc;‚
1441 1922 1628 1994 quae
1670 1896 1971 1994 stropha
2001 1897 2322 1986 brevior,
2358 1903 2427 1972 et
2456 1896 2643 1973 han'c

387 2022 738 2112 quattuor
773 2040 1124 2091 versuum
1171 2016 1594 2111 stropham:

1593 2222 1671 2281 12

1030 2224 1071 2381 ἓ
1270 2319 1372 2382 vel
1592 2320 1667 2380 12
1875 2325 1994 2382 etc.

1028 2417 1068 2479 8
1598 2419 1675 2478 12

1029 2520 1069 2576 4
1630 2517 1668 2575 6

483 2725 628 2800 Sed
653 2724 801 2799 iam
831 2722 1168 2798 viderant
1188 2728 1260 2797 et
1281 2748 1367 2798 ex
1391 2723 1801 2821 imparibus
1843 2726 2183 2800 versibus
2206 2730 2279 2799 et
2317 2751 2404 2800 ex
2422 2727 2641 2800 alter-

362 2842 733 2918 nantibus
773 2842 1355 2917 consonantibus
1392 2843 1745 2939 optimam
1773 2843 2156 2941 stropham
2199 2867 2417 2943 posse
2459 2867 2636 2919 con-

374 2961 572 3036 flari.

484 3080 745 3175 Magna
803 3077 1028 3174 igitur
1069 3080 1263 3174 apud
1304 3102 1441 3152 nos
1483 3079 1595 3154 vis
1640 3085 1711 3154 et
1748 3077 1982 3154 virtus
2032 3080 2628 3154 consonantium.
