3616 5887
1254 721 1337 732 .-
1403 679 1644 750 67..-

900 834 1225 897 Christum
1254 849 1569 894 canamus
1598 829 1960 910 principem

893 935 1129 996 Natum
1161 932 1358 994 Maria
1381 930 1643 1011 Virgine
1677 928 1793 1011 (1).

340 1107 472 1205 qui
512 1129 743 1206 paene
774 1081 1031 1204 gallici⁸
1050 1130 1309 1180 versus
1353 1111 1551 1193 sunt,
1589 1106 1761 1203 quia
1788 1130 2097 1180 numero
2132 1104 2586 1203 syllabarum

241 1228 254 1235 ”
328 1231 753 1314 constante,
796 1248 931 1322 per
970 1222 1200 1297 arsim
1229 1229 1301 1298 et
1336 1222 1605 1297 thesim
1635 1222 2141 1298 modulantur.
2193 1224 2578 1314 Caesurae,

320 1346 534 1441 'quas
626 1338 963 1415 adhibuit
1057 1347 1273 1438 poeta
1356 1339 1752 1436 legitimas»,
1831 1364 2353 1437 supervacuae,
2418 1342 2592 1444 quia

333 1465 505 1533 octo
551 1456 881 1554 syllabae
947 1480 1077 1553 per
1149 1455 1375 1529 arsim
1445 1460 1518 1529 et
1576 1456 1847 1530 thesim
1922 1455 2373 1545 modulatae,
2421 1482 2586 1531 cum

331 1573 926 1651 consonantibus
976 1571 1359 1662 clausulis,
1421 1597 1721 1649 versum
1772 1574 2048 1670 optime
2118 1580 2596 1650 numeratum

339 1693 699 1767 efficiunt.

442 1811 781 1884 Invenias
838 1818 910 1886 et
945 1834 1205 1890 versus
1288 1807 1683 1907 syllabicos
1741 1828 2060 1907 quorum
2128 1808 2593 1883 hemistichia

342 1937 784 2021 consonent,
833 1954 981 2005 non
1062 1928 1300 2023 magis
1361 1927 1813 2002 laudandum
1873 1951 2202 2003 errorem
2245 1951 2464 2026 quam
2514 1927 2587 2000 in

340 2045 684 2121 versibus
731 2046 1086 2120 metricis,

447 2265 640 2341 Haec
684 2267 864 2341 satis
895 2268 985 2340 de
1025 2264 1611 2342 consonantibus
1636 2264 1710 2337 in
1749 2263 2029 2338 latinis,

451 2488 657 2575 Quod
728 2493 1006 2584 spectat
1067 2488 1158 2560 ad
1218 2487 1572 2560 feminina
1671 2492 1743 2561 et
1833 2487 2242 2563 masculina
2310 2487 2588 2564 'conso-

359 2605 634 2695 nantia,
682 2604 1026 2677 dixerunt
1097 2604 1392 2701 quidam
1439 2604 1537 2702 (2)
1598 2604 1672 2676 in
1715 2628 1934 2684 versu
1976 2604 2205 2680 latino
2237 2607 2594 2704 syllabico

352 2720 783 2794 femininam
861 2728 1392 2794 consonantem
1471 2721 1874 2809 exstitisse,
1954 2723 2146 2803 haud
2225 2724 2599 2799 immerito

354 2838 652 2934 quidem
690 2838 871 2910 haec
899 2837 1170 2933 legenti
1204 2861 1219 2908 :

920 3028 1070 3087 Heri
1101 3026 1383 3088 mundus
1407 3029 1774 3103 exsultavit,

916 3127 991 3185 Et
1012 3126 1309 3186 exultans
1340 3126 1690 3188 celebravit

998 3224 1233 3284 Christi
1266 3225 1581 3300 natalitia,

904 3323 1051 3382 Heri
1081 3324 1321 3383 chorus
1343 3324 1721 3403 angelorum

919 3423 1310 3481 Prosecutus
1342 3428 1438 3482 est
1470 3422 1795 3484 caelorum

998 3519 1236 3597 Regem
1268 3538 1412 3579 cum
1435 3521 1702 3581 laetitia.

360 3718 868 3790 Consonantes
951 3714 1147 3787 enim
1253 3716 1646 3790 femininus
1717 3719 1962 3793 dicere
2019 3721 2289 3817 aliquis
2358 3729 2608 3820 posset

359 3831 685 3928 syllabas
720 3838 977 3904 tenues
1016 3831 1328 3905 fortibus
1356 3832 1751 3922 subiectaS,
1782 3840 1957 3924 civit,
2021 3844 2215 3910 (irum
2251 3870 2278 3925 ,·
2321 3863 2606 3914 mascu-

358 3948 545 4021 linas
587 3953 833 4021 autern
880 3948 1247 4022 clausulas
1307 3973 1489 4046 quae
1553 3957 1935 4025 accentum
1977 3954 2336 4051 accipiant
2378 3983 2396 4027 ε
2469 3962 2600 4030 ι-ίά.

361 4065 715 4137 Notemus
765 4069 1009 4138 autem
1067 4090 1197 4162 per
1236 4066 1534 4162 longum
1580 4073 1873 4164 tempus
1914 4069 2304 4145 femininas
2347 4097 2607 4147 conso-

364 4190 625 4252 nantes
681 4179 756 4251 in
805 4180 1090 4275 gallicis
1151 4181 1492 4255 versibus
1561 4183 1882 4258 vitatas:
1959 4211 2143 4281 quae
2205 4188 2473 4262 desunt
2531 4191 2606 4264 in

365 4295 692 4369 Eulaliae
720 4295 1115 4388 cantilena,
1158 4299 1425 4372 desunt
1464 4304 1535 4372 et
1573 4298 1648 4373 in
1681 4300 1823 4375 vita
1860 4302 2316 4400 Leodegarii‚
2354 4331 2608 4401 quam-

438 4525 515 4598 (1)
557 4526 841 4595 SeduliuS,
869 4529 1029 4587 citat.
1079 4531 1151 4586 E.
1189 4528 1267 4585 du
1300 4529 1459 4587 Merit
1509 4546 1521 4588 ε
1563 4531 1779 4588 Ρορεἱεε
1822 4533 2152 4604 populaires
2200 4536 2404 4592 latinas
2456 4538 2612 4596 ant&

327 4636 332 4642 ·
368 4614 583 4671 rieures
612 4631 690 4672 au
708 4623 831 4674 xix⁹
858 4619 1045 4677 sie'cle.

437 4703 517 4776 (2)
558 4705 765 4766 Gaston
795 4708 975 4778 Pam,
999 4710 1187 4765 Leltre
1211 4707 1245 4765 ἀ
1273 4711 1347 4788 Μ,
1372 4709 1517 4766 Le'on
1552 4709 1808 4769 Gautier.
