3616 5887
1846 723 2134 791 -122
2191 764 2284 777 --

953 879 1199 949 tamen
1230 875 1391 949 sine
1424 875 1647 949 dubio
1688 871 1843 946 suis
1875 873 2545 969 temporibustales
2588 909 2849 964 versus
2881 893 3204 991 fuerunt,

946 1013 1117 1063 nam
1160 1015 1507 1064 caesurae
1541 989 2052 1063 discordantes
2110 992 2440 1067 nondum
2470 1000 2820 1093 probatae
2877 1033 3026 1084 non
3055 1018 3210 1090 sine

945 1131 1081 1181 usu
1130 1115 1202 1180 et
1256 1108 1475 1204 longo
1509 1112 1840 1202 tempore
1906 1103 2410 1182 invaluerunt.
2479 1112 2750 1193 Contra
2813 1147 2897 1197 ea
2962 1128 3025 1201 si
3096 1133 3207 1206 illi

942 1223 1224 1297 auctori
1264 1225 1650 1319 credamus
1687 1244 1906 1318 quem
1947 1219 2064 1293 hic
2125 1222 2678 1324 impugnamuS‚
2725 1232 3211 1324 decreverunt

943 1363 1031 1411 ex
1058 1340 1343 1437 integro
1379 1337 1777 1422 romantici
1816 1343 2074 1433 poetae
2129 1363 2474 1419 caesuras
2542 1350 2710 1425 cum
2779 1380 3002 1435 sensu
3061 1365 3209 1438 dis-

940 1455 1274 1547 cordare,
1307 1457 1537 1533 immo
1566 1478 1917 1529 caesuras
1958 1453 2200 1528 ubivis
2260 1458 2516 1536 locari.
2597 1468 2800 1555 Quae
2858 1478 3112 1574 opinio
3165 1506 3207 1555 a

937 1573 1309 1646 communi
1370 1597 1591 1646 sensu
1615 1595 1737 1644 -me
1780 1570 2082 1666 quidem
2103 1571 2350 1666 judice
2389 1577 2610 1673 plane
2647 1588 3022 1668 abhorret.
3054 1597 3204 1670 Hoc

956 1710 1212 1760 verum
1254 1695 1366 1762 est
1409 1713 1425 1762 :
1476 1712 1740 1762 sensus
1771 1710 2153 1760 caesuram
2214 1696 2588 1786 praeterit,
2668 1728 2890 1799 quam
2954 1715 3201 1785 tamen

954 1826 1169 1875 aures
1204 1805 1531 1885 sentiunt
1571 1810 1642 1878 et
1673 1809 1984 1890 notant3
2062 1806 2391 1881 variatur
2445 1812 2584 1887 hoc
2650 1821 2871 1897 modo
2940 1851 3199 1903 versus

947 1918 1245 1992 licentia
1284 1920 1490 2018 prius
1533 1920 1873 2010 tolerata,
1907 1920 2177 1994 deinde
2209 1921 2283 1995 in
2324 1928 2780 2027 voluptatem
2818 1942 3192 2040 usurpata.

1045 2036 1152 2107 Ne
1228 2061 1458 2110 unum
1528 2037 1828 2132 quidem
1897 2035 2123 2132 igitur
2189 2046 2684 2121 romanticum
2767 2078 3064 2131 versum
3120 2062 3194 2134 in

944 2151 1244 2225 Racinio
1286 2153 1648 2241 inveniaS,
1710 2177 1797 2225 ex
1860 2152 2012 2225 illis
2063 2153 2226 2227 dico
2283 2157 2470 2234 salso
2527 2171 2957 2246 romanticis
3013 2201 3196 2271 quos

940 2267 1263 2341 instituit
1303 2270 1494 2365 Becq
1516 2270 1605 2342 de
1646 2268 2120 2363 Fouquieres.
2189 2275 2378 2347 Vere
2446 2285 2897 2360 romanticos
2967 2293 3187 2386 quos-

942 2383 1111 2455 dam
1154 2383 1486 2459 invenias
1513 2410 1602 2459 ex
1637 2384 1789 2458 illis
1825 2384 1949 2479 qui
1990 2385 2065 2457 in
2103 2391 2252 2460 tres
2286 2399 2534 2487 partes
2568 2421 2840 2495 aequas
2871 2409 3192 2481 caedun-

936 2503 1083 2571 tur.
1118 2502 1531 2575 Trimetrus
1564 2502 1763 2574 enim
1801 2500 2332 2578 alexandrinus
2362 2510 2433 2581 in
2477 2513 2780 2591 Racinio
2836 2526 3188 2613 occurrit,

941 2615 1131 2689 sicut
1196 2618 1611 2713 tripartitus
1648 2619 2078 2689 hexameter
2119 2617 2194 2691 in
2224 2621 2571 2702 Homero.
2606 2632 2793 2706 Nam
2835 2644 2915 2709 ut
2967 2664 3188 2714 versu

940 2732 1043 2803 ita
1080 2756 1294 2806 caeso
1335 2739 1376 2806 3
1407 2743 1487 2803 -†·
1530 2742 1673 2807 5-1-
1710 2742 1752 2805 4
1794 2757 2010 2806 aures
2053 2736 2553 2833 decipiuntur,
2607 2747 2709 2820 ita
2774 2775 2815 2823 a
2853 2753 3188 2830 trimetro

941 2853 983 2917 4
1021 2855 1101 2916 -t-
1129 2852 1170 2918 4
1208 2854 1351 2920 ÷4
1397 2874 1545 2923 non
1587 2849 2017 2938 abhorrent,
2056 2849 2457 2930 dummodo
2503 2884 2808 2937 caesura
2849 2873 3187 2963 quamvis

938 2962 1315 3038 levissima
1350 2968 1425 3038 in
1453 2967 1636 3039 duas
1678 2970 1923 3061 partes
1950 2972 2293 3059 quattuor
2330 2975 2613 3049 medias
2644 2980 2968 3075 syllabas
3000 2987 3184 3059 divi-

938 3079 1061 3152 dat
1100 3106 1114 3151 ;
1163 3085 1204 3151 4
1230 3082 1385 3178 -1-(2
1419 3100 1491 3148 -ι-
1525 3085 1790 3175 2)-4-4.
1824 3082 2056 3154 Immo
2084 3083 2289 3157 brevi
2315 3091 2645 3181 tempore
2676 3097 2861 3169 nulli
2905 3103 3184 3176 media-

937 3218 1073 3266 nae
1096 3220 1440 3270 caesurae
1472 3205 1909 3271 assuescunt
1941 3203 2019 3269 :4
2043 3216 2116 3264 -i-
2145 3203 2186 3269 4
2216 3210 2292 3270 -Ι-
2322 3208 2393 3292 4,
2425 3207 2599 3300 quia
2623 3209 2696 3281 in
2715 3211 2848 3285 hoc
2873 3238 3181 3293 numero

936 3311 1494 3407 simplicissimo
1561 3337 1776 3387 aures
1862 3313 2213 3387 facillime
2288 3321 2639 3395 'medium
2717 3351 3015 3403 versum
3082 3334 3183 3407 ita

936 3427 1290 3518 sentiunt,
1327 3436 1405 3502 ut
1433 3452 1825 3502 numerum
1852 3429 2158 3525 plenum
2174 3444 2657 3527 agnoscentes
2686 3443 3176 3537 requiescant.

1032 3544 1219 3630 Quid
1260 3544 1638 3618 trimetrus
1685 3549 1906 3630 esset,
1965 3571 2097 3619 cur
2159 3549 2461 3623 auribus
2517 3578 2664 3626 non
2726 3554 3173 3654 displiceret,

933 3659 1277 3732 Racinius
1320 3667 1391 3733 et
1422 3661 1577 3734 eius
1653 3661 2000 3756 aequales
2065 3662 2528 3757 ignorabant,
2581 3673 2708 3744 sed
2793 3677 3176 3753 trimetrus

932 3797 1081 3849 non
1136 3776 1606 3872 displicebat.
1660 3778 2055 3872 Ignorabat
2093 3786 2166 3851 et
2224 3782 2628 3888 ‚Homerum
2687 3788 2764 3860 in
2833 3816 2977 3886 quo
3027 3795 3176 3868 fere

899 3889 1185 3964 nullus
1250 3890 1629 3964 trimetrus
1684 3898 1795 3965 est
1827 3892 1952 3987 qui
2007 3894 2455 3969 trochaicam
2534 3924 2679 3973 non
2734 3911 3164 3982 servaverit.

928 4007 1105 4079 Fere
1175 4007 1539 4082 nulluset
1577 4009 1651 4079 in
1698 4007 2008 4103 Virgilio
2074 4011 2198 4104 qui
2253 4035 2420 4085 raro
2468 4015 2729 4108 (unum
2774 4021 2969 4096 inter
3010 4049 3172 4099 sex-

925 4124 1204 4220 centos)
1244 4147 1505 4196 versus
1545 4124 1715 4196 huic
1758 4123 2043 4197 similes
2077 4125 2331 4200 scribit
2378 4152 2394 4198 ε

1086 4273 1459 4337 Fluviorum
1482 4293 1594 4336 rex
1628 4275 1967 4350 Eridanus,
1999 4294 2394 4357 camposque
2425 4300 2543 4359 per
2572 4303 2847 4350 omnes„
2868 4335 2881 4348 .

921 4452 1458 4545 Trimetrorum
1495 4478 1679 4550 quos
1717 4455 1792 4527 in
1833 4455 2136 4528 Racinio
2162 4456 2495 4532 invenias
2538 4471 2712 4537 sunt
2748 4465 2943 4556 falsi,
2997 4477 3164 4552 sunt

919 4569 1099 4641 veri.
1147 4568 1398 4642 Falsos
1431 4571 1627 4642 enim
1651 4570 1825 4645 huic
1853 4571 2173 4644 similes:

1079 4720 1326 4784 Ouvrez
1355 4737 1472 4780 vos
1500 4739 1692 4800 yeux,
1723 4728 1751 4792 tt
1780 4741 2015 4803 songez
2053 4722 2063 4804 Ι
2101 4724 2438 4804 qu'Oreste
2468 4729 2494 4805 Η
2518 4735 2619 4791 est
2640 4731 2878 4795 devant
2897 4754 3077 4798 vous.
