3616 5887
2103 1258 2195 1332 lv

1147 1514 1243 1565 DE
1278 1503 1510 1565 SEN'SU
1550 1514 1697 1566 CUM
1747 1513 1983 1564 VERSU
2025 1511 2548 1565 CONCORDANTE
2580 1513 2722 1565 AUT
2776 1511 3306 1565 DISCORDANTE.

1627 1631 1795 1691 QUAE
1848 1631 2006 1682 SINT
2047 1630 2325 1681 FALSAE
2360 1631 2755 1683 CAESURAE.

1152 1907 1521 1982 Hactenus
1557 1930 1857 1983 versum
1897 1909 2106 2006 quasi
2135 1932 2415 1985 merum
2458 1933 2852 1985 numerum
2870 1909 3300 1986 considera-

1063 2024 1305 2101 vimus
1345 2050 1366 2118 ;
1401 2027 1646 2124 itaque
1686 2027 1776 2100 de
1816 2050 2125 2102 numero
2168 2050 2353 2125 quae
2383 2027 2708 2104 diximus
2749 2051 3051 2126 graecae
3127 2028 3300 2102 lati-

1066 2165 1347 2240 naeque
1402 2142 1606 2240 poesi
1657 2143 2135 2234 conveniunt,
2190 2145 2418 2219 immo
2473 2144 2808 2219 omnium
2850 2144 3301 2245 populorum

1050 2259 1258 2357 poesi
1294 2284 1310 2333 :
1357 2262 1489 2335 sed
1519 2261 1732 2336 nobis
1773 2262 2030 2336 nonin
2063 2263 2445 2361 proposito
2486 2269 2599 2337 est
2650 2264 2738 2336 de
2778 2269 2935 2337 arte
2977 2264 3302 2339 humana

1051 2377 1544 2476 universaque
1583 2379 1981 2467 disserere,
2016 2380 2353 2478 quamvis
2386 2380 2697 2477 gallicae
2732 2380 3083 2455 metricae
3134 2387 3298 2456 stu·

1046 2495 1306 2568 dentes
1361 2496 1650 2570 numeri
1710 2497 2185 2595 rhythmique
2259 2497 2626 2595 principia
2683 2499 2950 2573 merito
3009 2505 3301 2595 repeta-

1043 2612 1238 2687 mus,

1135 2725 1414 2804 Versus
1453 2735 1700 2805 autem
1755 2753 1903 2804 non
1946 2755 2174 2828 purus
2217 2756 2600 2825 numerus,
2666 2734 2796 2808 sed
2858 2738 3297 2807 numeratus

1045 2868 1332 2937 sermo;
1394 2845 1641 2943 itaque
1696 2850 2040 2924 convenit
2072 2852 2371 2927 studere
2428 2852 2698 2949 quibus
2741 2851 2982 2924 modis
3039 2873 3293 2924 sermo

1046 2984 1214 3036 cum
1274 2987 1582 3039 numero
1653 2964 2168 3063 coniungatur.
2231 2969 2435 3044 Hanc
2514 2969 2661 3044 iam
2713 2975 2930 3043 antea
2989 2966 3294 3041 citatam

1050 3089 1472 3177 repetamus
1498 3081 1708 3179 Hugo
1749 3084 2197 3180 stropham:

1328 3260 1500 3321 Nous
1534 3261 1647 3339 qui
1678 3279 1987 3337 sommeS‚
2431 3264 2480 3325 Il
2504 3265 2643 3326 faut
2670 3263 2831 3325 faire

1328 3350 1416 3411 De
1445 3368 1563 3429 par
1588 3351 1772 3427 Dieu,
2425 3355 2605 3416 Bruit
2634 3372 2745 3415 sur
2774 3358 2967 3427 terre,

1327 3439 1872 3523 Gentilshommes
2426 3444 2502 3505 Et
2526 3443 2588 3505 la
2618 3461 2853 3525 guerre

1326 3530 1414 3591 De
1443 3528 1600 3592 haut
1625 3530 1779 3607 lieu,
2433 3533 2607 3596 N'est
2636 3534 2837 3615 qu'un
2862 3531 2975 3611 jeu
3000 3532 3016 3591 1

1146 3702 1345 3778 Intra
1375 3695 1510 3779 hos'
1550 3731 1811 3781 versus
1843 3706 2049 3781 nulla
2076 3731 2341 3783 sensus
2364 3732 2588 3806 pausa
2627 3717 2753 3781 aut
2777 3702 3240 3780 intermissio
3280 3732 3303 3793 ς

1049 3826 1207 3895 tum
1239 3822 1633 3919 frangitur,
1680 3830 1759 3897 ut
1795 3826 1900 3898 ita
1940 3824 2203 3914 dicam,
2271 3849 2539 3913 serm0‚
2602 3848 2829 3922 quum
2905 3821 3310 3921 rhythmus

1050 3936 1463 4035 frangitur:
1503 3940 1629 4038 qui
1683 3943 1948 4015 modus
2008 3948 2121 4015 est
2182 3942 2813 4042 simplicissimuS,
2854 3962 3072 4038 quem
3134 3962 3311 4011 raro

1052 4053 1197 4128 nisi
1229 4055 1307 4130 in
1335 4056 1666 4130 minimis
1693 4058 2037 4133 versibus
2075 4059 2429 4157 consequi
2459 4058 2730 4156 possis.
2762 4060 2996 4131 Immo
3030 4055 3093 4129 si
3120 4053 3316 4128 alias

1051 4173 1385 4247 eiusdem
1425 4174 1786 4271 poematis
1829 4175 2170 4274 strophas
2202 4176 2460 4273 eligeS,
2507 4176 2655 4251 alia
2694 4199 2813 4250 res
2866 4173 3056 4248 erit:
3135 4246 3142 4253 .

1221 4368 1348 4450 Ca!
1371 4368 1398 4442 Ι
1426 4369 1614 4452 qu'on
1643 4366 1812 4447 selle,
1903 4372 2058 4437 1÷2
2410 4373 2607 4433 Dame
2652 4372 2833 4431 Irene
3152 4367 3201 4440 3,

1219 4462 1487 4541 Ecuyer‚
1965 4463 2002 4521 3
2413 4461 2597 4522 Parle
2628 4460 2830 4522 ainsi:
3155 4456 3192 4514 3

1222 4551 1363 4612 Mon
1394 4550 1582 4613 fidele
1964 4552 2001 4610 3
2414 4574 2444 4607 «
2482 4550 2641 4625 Quoi
2660 4549 2682 4610 l
2696 4554 2718 4626 l
2737 4548 2799 4609 la
2825 4547 2990 4609 reine
3097 4545 3261 4615 142

1217 4640 1572 4705 Destrier...
1964 4641 2001 4699 3
2413 4641 2619 4703 Triste
2649 4640 2731 4702 ici
2768 4642 2779 4699 Ξ
2834 4662 2861 4693 ι»
3156 4633 3193 4694 3
