3616 5887
1879 608 2264 676 ...78-

939 760 1298 849 habeant
1334 754 1795 832 alexandrini
1853 755 2049 851 quod
2092 779 2471 830 caesuram
2519 755 2739 830 habet
2777 760 2940 853 post
2971 779 3203 853 quar-

944 884 957 896 ’
1032 901 1121 965 m,
1162 875 1234 949 id
1269 884 1382 950 est
1423 897 1569 948 non
1614 870 1962 946 mediam.
2006 872 2257 968 Itaque
2294 877 2568 946 certam
2601 872 2713 945 illi
2753 878 3210 970 putaverunt

1033 995 1306 1088 iginem
1350 991 1602 1080 fuisse,
1660 996 1733 1063 et
1762 988 2072 1063 latinum
2103 990 2506 1087 exemplar.
2553 989 2762 1079 Quod
2816 991 3206 1088 exemplar

1041 1136 1242 1187 rsum
1274 1109 1707 1208 sapphicum
1745 1108 1974 1182 fuisse
2012 1108 2150 1204 (1),
2182 1111 2308 1182 aut
2349 1108 2747 1183 iambicum
2775 1109 3199 1191 trimetrum

1032 1254 1171 1303 =mo
1235 1228 1446 1302 facile
1498 1225 1775 1312 credet,
1839 1248 1972 1297 nec
2033 1225 2218 1298 ratio
2269 1231 2381 1300 est
2436 1249 2574 1300 cur
2631 1226 2906 1300 credat.
2943 1226 3205 1299 Potior

1032 1328 1359 1445 ictylicus
1390 1343 1769 1418 trimetrus
1808 1342 2353 1440 hypermetruS,

1433 1533 1640 1605 Quam
1666 1538 1970 1607 cuperem
2003 1534 2019 1608 1
2054 1529 2271 1593 tamen
2312 1537 2466 1593 ante
2494 1524 2721 1595 necem

1438 1632 1500 1693 Si
1528 1630 1699 1711 potis
1732 1634 1831 1689 est
1865 1630 1878 1709 Ι
1914 1648 2218 1693 revocare
2251 1636 2452 1693 tuam.

1992 1730 2101 1810 (Ex
2132 1731 2505 1808 Faunum-10,
2546 1730 2828 1814 Hymnus
2849 1730 3211 1812 Eulaliae.)

1032 1957 1180 2006 iem
1211 1930 1542 2005 imitatus
1574 1936 1687 2003 est
1722 1930 1845 2004 ille
1885 1928 2284 2029 syllabicus
2321 1955 2337 2002 ε

1429 2120 1617 2180 Flete
1647 2118 1790 2189 viri,
1829 2120 1845 2198 1
1874 2119 2097 2199 lugete
2127 2136 2455 2197 procerem,

1444 2217 1790 2278 Resolutus
1825 2223 1836 2295 Ι
1874 2235 1985 2277 rex
2019 2222 2115 2277 est
2154 2218 2219 2277 in
2252 2218 2500 2277 cinere‘s
2533 2217 2640 2297 (2).

1032 2449 1145 2498 um
1192 2424 1265 2495 hi
1320 2447 1577 2496 versus
1627 2421 2015 2520 compositi
2051 2428 2222 2495 sunt
2264 2415 2478 2515 (antio
2540 2428 2933 2518 Mcxxxvn)
2989 2412 3209 2496 deca-

1032 2540 1368 2633 (llabicus
1407 2547 1659 2613 noster
1679 2540 1822 2612 iam
1853 2539 2186 2629 florebat,
2227 2540 2353 2612 sed
2384 2539 2789 2612 verisimile
2812 2547 2923 2615 est
2944 2565 3214 2614 versus

1038 2657 1231 2729 linos
1266 2656 1339 2727 in
1390 2657 1704 2730 eundem
1751 2657 2052 2730 modum
2094 2656 2239 2727 iam
2283 2656 2569 2752 pridem
2613 2656 2986 2731 exstitisse
3014 2658 3211 2730 unde

1032 2770 1545 2869 acasyllabicus
1588 2777 1840 2845 noster
1880 2772 2096 2847 fuerit
2134 2778 2497 2868 sumplus,

1058 2891 1318 2977 lmm0‚
1350 2889 1461 2962 vis
1490 2889 1727 2964 dicam
1757 2890 1951 2986 quod
1985 2890 2246 2964 sentio.
2274 2891 2421 2963 Has
2450 2890 2770 2986 origines
2800 2890 3216 2987 disquirere

1032 3030 1537 3106 Jpcrvacuum.
1623 3006 2034 3082 Potuerunt
2107 3008 2303 3081 enim
2392 3014 2649 3104 poetae
2736 3017 2994 3104 sponte
3077 3033 3216 3082 sua

1032 3149 1120 3199 on
1153 3123 1398 3198 minus
1439 3123 2059 3221 decasyllabicum
2110 3148 2326 3220 quam
2359 3124 2968 3221 octosyllabicum
3010 3124 3223 3197 inve-

1032 3240 1158 3314 ire.
1208 3241 1353 3314 Cur
1391 3240 1586 3315 enim
1617 3241 2143 3337 octosyllabico
2167 3242 2466 3314 invento
2487 3249 2557 3315 et
2583 3241 2728 3318 iam
2761 3266 2888 3339 per
2918 3242 3222 3337 longum

1032 3381 1194 3430 sum
1285 3362 1459 3430 noto
1528 3381 1674 3431 non
1748 3356 2060 3431 subierit
2123 3359 2411 3430 animos
2486 3360 2811 3431 secundo
2885 3357 3225 3431 hemisti-

1032 3474 1143 3547 hio
1211 3474 1405 3548 duas
1473 3474 1793 3572 syllabas
1854 3476 2126 3549 addere
2198 3481 2275 3548 ut
2339 3480 2752 3548 varlarelur
2807 3498 3160 3548 numerus
3197 3477 3217 3561 ς

1032 3595 1223 3665 otest
1275 3590 1617 3666 inventor
1654 3596 1824 3664 ante
1864 3591 2117 3665 oculos
2158 3615 2288 3688 pro
2318 3590 2658 3688 exemplo
2692 3588 3040 3666 habuisse
3070 3613 3224 3664 non

1032 3731 1171 3781 unc
1204 3713 1331 3781 aut
1375 3707 1616 3796 illum,
1651 3708 1780 3780 sed
1814 3707 2064 3803 plures
2105 3732 2363 3781 versus
2406 3706 2677 3781 latinos
2707 3731 2889 3803 quos
2921 3731 3229 3783 caesura

1032 3848 1058 3896 1
1114 3829 1361 3920 partes
1407 3844 1558 3898 non
1601 3825 1947 3921 aequales
1989 3830 2388 3921 separaret.
2434 3824 2740 3915 Deinde,
2806 3848 3028 3920 quom
3066 3824 3227 3921 pla-

1032 3940 1260 4013 uisset
1297 3939 1415 4014 hic
1455 3964 1807 4015 numerus
1863 3941 2298 4037 inaequaliS‚
2363 3941 2943 4038 decasyllabicus
2969 3941 3233 4044 vulga-

1032 4078 1109 4132 us
1142 4062 1277 4131 est.
1322 4058 1467 4132 Cur
1507 4055 1704 4132 enim
1765 4057 2191 4132 huiusmodi
2223 4081 2412 4131 nova
2453 4059 2908 4133 succedunt?
2943 4054 3239 4132 'Sufficit

1032 4174 1463 4271 ›puscclum,
1496 4174 2237 4249 dummodofeliciter
2262 4175 2750 4271 compositum
2783 4175 3003 4270 vulgo
3028 4171 3241 4271 legass

1034 4316 1118 4364 ur
1156 4292 1694 4388 reciteturque3
1736 4293 1957 4372 ,adde
2000 4294 2136 4368 hoc
2175 4297 2496 4366 metrum
2550 4293 2923 4391 pedestre,
2977 4291 3237 4385 citum,

1065 4534 1145 4606 (l)
1188 4536 1303 4591 Hoc
1333 4541 1525 4593 censet
1546 4535 1738 4594 Littre.

1066 4625 1136 4696 (2)
1179 4627 1266 4681 Du
1291 4625 1475 4688 Meril,
1500 4642 1562 4698 p⁴
1601 4627 1732 4684 294.
